id,exec_id,buy_cl_order_id,sell_cl_order_id,exec_qty,exec_price,trade_time,market,security_id,buy_shareholder_id,sell_shareholder_id
1,7996219763A1,B177279961764049,S177279961803538,100,10.02,2026-03-06 20:20:22,XSHG,600030,SH00000001,SH00000002
2,799621970E2F,B177279961765076,S177279961804138,100,10.02,2026-03-06 20:20:22,XSHG,600030,SH00000001,SH00000002
3,799621971F7D,B177279961764848,S177279961803738,100,10.02,2026-03-06 20:20:22,XSHG,600030,SH00000001,SH00000002
4,799621983497,B177279961764548,S177279961804038,100,10.02,2026-03-06 20:20:22,XSHG,600030,SH00000001,SH00000002
5,79962198896A,B177279961764249,S177279961804238,100,10.02,2026-03-06 20:20:22,XSHG,600030,SH00000001,SH00000002
6,79962200A31A,B177279961765329,S177279961807087,100,10.02,2026-03-06 20:20:22,XSHG,600030,SH00000001,SH00000002
7,79962200C287,B177279961762942,S177279961804669,100,10.02,2026-03-06 20:20:22,XSHG,600030,SH00000001,SH00000002
8,79962201C055,B177279961764949,S177279961806786,100,10.02,2026-03-06 20:20:22,XSHG,600030,SH00000001,SH00000002
9,79962201C558,B177279961764750,S177279961806587,100,10.02,2026-03-06 20:20:22,XSHG,600030,SH00000001,SH00000002
10,799622027564,B177279961764649,S177279961806386,100,10.02,2026-03-06 20:20:22,XSHG,600030,SH00000001,SH00000002
11,799622020762,B177279961764149,S177279961807179,100,10.02,2026-03-06 20:20:22,XSHG,600030,SH00000001,SH00000002
12,799622022DF7,B177279961764349,S177279961806487,100,10.02,2026-03-06 20:20:22,XSHG,600030,SH00000001,SH00000002
13,799622024DA8,B177279961763849,S177279961806687,100,10.02,2026-03-06 20:20:22,XSHG,600030,SH00000001,SH00000002
14,7996220294A7,B177279961765429,S177279961806986,100,10.02,2026-03-06 20:20:22,XSHG,600030,SH00000001,SH00000002
15,799622036234,B177279961765229,S177279961806887,100,10.02,2026-03-06 20:20:22,XSHG,600030,SH00000001,SH00000002
16,799622030EA1,B177279961764449,S177279961806206,100,10.02,2026-03-06 20:20:22,XSHG,600030,SH00000001,SH00000002
17,7996220427DD,B177279961765783,S177279961806278,100,10.02,2026-03-06 20:20:22,XSHG,600030,SH00000001,SH00000002
18,79962204CC33,B177279961765983,S177279961807278,100,10.02,2026-03-06 20:20:22,XSHG,600030,SH00000001,SH00000002
19,799622047F5F,B177279961765683,S177279961806141,100,10.02,2026-03-06 20:20:22,XSHG,600030,SH00000001,SH00000002
20,79962204EC45,B177279961766216,S177279961808010,100,10.02,2026-03-06 20:20:22,XSHG,600030,SH00000001,SH00000002
21,799622108EB9,B177279961766342,S177279961816573,100,10.02,2026-03-06 20:20:22,XSHG,600030,SH00000001,SH00000002
22,799622101466,B177279961766742,S177279961816573,100,10.02,2026-03-06 20:20:22,XSHG,600030,SH00000001,SH00000002
23,79962210EA8E,B177279961765884,S177279961816573,100,10.02,2026-03-06 20:20:22,XSHG,600030,SH00000001,SH00000002
24,799622100B5F,B177279961766641,S177279961816573,100,10.02,2026-03-06 20:20:22,XSHG,600030,SH00000001,SH00000002
25,79962210736C,B177279961766083,S177279961816573,100,10.02,2026-03-06 20:20:22,XSHG,600030,SH00000001,SH00000002
26,79962211D6A6,B177279961766842,S177279961817173,100,10.02,2026-03-06 20:20:22,XSHG,600030,SH00000001,SH00000002
27,799622117A3A,B177279961766442,S177279961817173,100,10.02,2026-03-06 20:20:22,XSHG,600030,SH00000001,SH00000002
28,7996221132EF,B177279961766541,S177279961817173,100,10.02,2026-03-06 20:20:22,XSHG,600030,SH00000001,SH00000002
29,7996221134FB,B177279961808010,S177279961817173,200,10.02,2026-03-06 20:20:22,XSHG,600030,SH00000001,SH00000002
30,79962212F472,B177279961811166,S177279961817473,200,10.02,2026-03-06 20:20:22,XSHG,600030,SH00000001,SH00000002
31,7996221201F8,B177279961811701,S177279961817473,200,10.02,2026-03-06 20:20:22,XSHG,600030,SH00000001,SH00000002
32,79962212F036,B177279961811502,S177279961817473,100,10.02,2026-03-06 20:20:22,XSHG,600030,SH00000001,SH00000002
33,7996221389A1,B177279961811502,S177279961817573,100,10.02,2026-03-06 20:20:22,XSHG,600030,SH00000001,SH00000002
34,79962213ADD7,B177279961811367,S177279961817573,200,10.02,2026-03-06 20:20:22,XSHG,600030,SH00000001,SH00000002
35,799622138384,B177279961813345,S177279961817573,200,10.02,2026-03-06 20:20:22,XSHG,600030,SH00000001,SH00000002
36,799622136761,B177279961813245,S177279961818039,200,10.02,2026-03-06 20:20:22,XSHG,600030,SH00000001,SH00000002
37,79962213F4E1,B177279961813045,S177279961818039,200,10.02,2026-03-06 20:20:22,XSHG,600030,SH00000001,SH00000002
38,799622132102,B177279961812943,S177279961818039,100,10.02,2026-03-06 20:20:22,XSHG,600030,SH00000001,SH00000002
39,7996221328C6,B177279961812943,S177279961819852,100,10.02,2026-03-06 20:20:22,XSHG,600030,SH00000001,SH00000002
40,799622138E55,B177279961813145,S177279961819852,200,10.02,2026-03-06 20:20:22,XSHG,600030,SH00000001,SH00000002
41,799622138F59,B177279961813645,S177279961819852,200,10.02,2026-03-06 20:20:22,XSHG,600030,SH00000001,SH00000002
42,7996221450FB,B177279961813745,S177279961820552,100,10.02,2026-03-06 20:20:22,XSHG,600030,SH00000001,SH00000002
43,79962214836B,B177279961814371,S177279961820552,200,10.02,2026-03-06 20:20:22,XSHG,600030,SH00000001,SH00000002
44,7996221459D5,B177279961814472,S177279961820552,200,10.02,2026-03-06 20:20:22,XSHG,600030,SH00000001,SH00000002
45,799622147AAC,B177279961813545,S177279961819752,200,10.02,2026-03-06 20:20:22,XSHG,600030,SH00000001,SH00000002
46,7996221491B2,B177279961813845,S177279961819752,200,10.02,2026-03-06 20:20:22,XSHG,600030,SH00000001,SH00000002
47,79962214A7CC,B177279961813745,S177279961819752,100,10.02,2026-03-06 20:20:22,XSHG,600030,SH00000001,SH00000002
48,799622156C82,B177279961814573,S177279961821255,200,10.02,2026-03-06 20:20:22,XSHG,600030,SH00000001,SH00000002
49,79962215DEDC,B177279961814820,S177279961821255,200,10.02,2026-03-06 20:20:22,XSHG,600030,SH00000001,SH00000002
50,799622154610,B177279961815520,S177279961821255,100,10.02,2026-03-06 20:20:22,XSHG,600030,SH00000001,SH00000002
51,799622152059,B177279961815520,S177279961821355,100,10.02,2026-03-06 20:20:22,XSHG,600030,SH00000001,SH00000002
52,799622155BDB,B177279961815570,S177279961821355,200,10.02,2026-03-06 20:20:22,XSHG,600030,SH00000001,SH00000002
53,79962215C49A,B177279961816673,S177279961821355,200,10.02,2026-03-06 20:20:22,XSHG,600030,SH00000001,SH00000002
54,799622158FE5,B177279961816773,S177279961821543,200,10.02,2026-03-06 20:20:22,XSHG,600030,SH00000001,SH00000002
55,79962215DDF1,B177279961817273,S177279961821543,200,10.02,2026-03-06 20:20:22,XSHG,600030,SH00000001,SH00000002
56,79962215B940,B177279961816973,S177279961821543,100,10.02,2026-03-06 20:20:22,XSHG,600030,SH00000001,SH00000002
57,799622157C98,B177279961816973,S177279961821844,100,10.02,2026-03-06 20:20:22,XSHG,600030,SH00000001,SH00000002
58,799622152CB2,B177279961817073,S177279961821844,200,10.02,2026-03-06 20:20:22,XSHG,600030,SH00000001,SH00000002
59,799622156EDC,B177279961817673,S177279961821844,200,10.02,2026-03-06 20:20:22,XSHG,600030,SH00000001,SH00000002
60,799622157A7A,B177279961818039,S177279961821653,200,10.02,2026-03-06 20:20:22,XSHG,600030,SH00000001,SH00000002
61,799622151F5B,B177279961817774,S177279961821653,200,10.02,2026-03-06 20:20:22,XSHG,600030,SH00000001,SH00000002
62,7996221556CF,B177279961820452,S177279961821653,100,10.02,2026-03-06 20:20:22,XSHG,600030,SH00000001,SH00000002
63,79962216CD6F,B177279961820452,S177279961822344,100,10.02,2026-03-06 20:20:22,XSHG,600030,SH00000001,SH00000002
64,799622162DE9,B177279961820753,S177279961822344,100,10.02,2026-03-06 20:20:22,XSHG,600030,SH00000001,SH00000002
65,79962216864F,B177279961821155,S177279961822344,100,10.02,2026-03-06 20:20:22,XSHG,600030,SH00000001,SH00000002
66,7996221641A5,B177279961822153,S177279961822344,100,10.02,2026-03-06 20:20:22,XSHG,600030,SH00000001,SH00000002
67,79962217BADC,B177279961822845,S177279961822045,100,10.02,2026-03-06 20:20:22,XSHG,600030,SH00000001,SH00000002
68,799622178922,B177279961822984,S177279961822045,100,10.02,2026-03-06 20:20:22,XSHG,600030,SH00000001,SH00000002
69,799622187F0B,B177279961822744,S177279961822045,100,10.02,2026-03-06 20:20:22,XSHG,600030,SH00000001,SH00000002
70,79962219351B,B177279961823585,S177279961822045,100,10.02,2026-03-06 20:20:22,XSHG,600030,SH00000001,SH00000002
71,79962219DD72,B177279961823984,S177279961822045,100,10.02,2026-03-06 20:20:22,XSHG,600030,SH00000001,SH00000002
72,79962219D2E6,B177279961823885,S177279961822153,100,10.02,2026-03-06 20:20:22,XSHG,600030,SH00000001,SH00000002
73,799622202648,B177279961824310,S177279961822153,100,10.02,2026-03-06 20:20:22,XSHG,600030,SH00000001,SH00000002
74,799622207494,B177279961823185,S177279961822153,100,10.02,2026-03-06 20:20:22,XSHG,600030,SH00000001,SH00000002
75,79962220A35C,B177279961823385,S177279961822153,100,10.02,2026-03-06 20:20:22,XSHG,600030,SH00000001,SH00000002
76,799622203640,B177279961824409,S177279961822153,100,10.02,2026-03-06 20:20:22,XSHG,600030,SH00000001,SH00000002
77,79962220381B,B177279961824750,S177279961822344,100,10.02,2026-03-06 20:20:22,XSHG,600030,SH00000001,SH00000002
78,79962220EB2F,B177279961824750,S177279961821945,100,10.02,2026-03-06 20:20:22,XSHG,600030,SH00000001,SH00000002
79,799622210E95,B177279961826843,S177279961821945,200,10.02,2026-03-06 20:20:22,XSHG,600030,SH00000001,SH00000002
80,79962221C5B7,B177279961826707,S177279961821945,100,10.02,2026-03-06 20:20:22,XSHG,600030,SH00000001,SH00000002
81,799622219B81,B177279961826598,S177279961821945,100,10.02,2026-03-06 20:20:22,XSHG,600030,SH00000001,SH00000002
82,799622214439,B177279961826766,S177279961822446,100,10.02,2026-03-06 20:20:22,XSHG,600030,SH00000001,SH00000002
83,79962221A6D2,B177279961827203,S177279961822446,100,10.02,2026-03-06 20:20:22,XSHG,600030,SH00000001,SH00000002
84,799622224F22,B177279961827313,S177279961822446,100,10.02,2026-03-06 20:20:22,XSHG,600030,SH00000001,SH00000002
85,7996222215E7,B177279961827606,S177279961822446,100,10.02,2026-03-06 20:20:22,XSHG,600030,SH00000001,SH00000002
86,79962222FCD6,B177279961827805,S177279961822446,100,10.02,2026-03-06 20:20:22,XSHG,600030,SH00000001,SH00000002
87,799622222353,B177279961827805,S177279961822545,100,10.02,2026-03-06 20:20:22,XSHG,600030,SH00000001,SH00000002
88,79962223A8BA,B177279961827905,S177279961822545,100,10.02,2026-03-06 20:20:22,XSHG,600030,SH00000001,SH00000002
89,79962223ECB8,B177279961828105,S177279961822545,200,10.02,2026-03-06 20:20:22,XSHG,600030,SH00000001,SH00000002
90,7996222339BD,B177279961828323,S177279961822744,200,10.02,2026-03-06 20:20:22,XSHG,600030,SH00000001,SH00000002
91,7996222367D4,B177279961827705,S177279961822545,100,10.02,2026-03-06 20:20:22,XSHG,600030,SH00000001,SH00000002
92,799622243CA0,B177279961828005,S177279961822744,100,10.02,2026-03-06 20:20:22,XSHG,600030,SH00000001,SH00000002
93,79962224ABEB,B177279961829640,S177279961822744,100,10.02,2026-03-06 20:20:22,XSHG,600030,SH00000001,SH00000002
94,79962224E05B,B177279961829744,S177279961822744,100,10.02,2026-03-06 20:20:22,XSHG,600030,SH00000001,SH00000002
95,799622242A3B,B177279961829744,S177279961822845,100,10.02,2026-03-06 20:20:22,XSHG,600030,SH00000001,SH00000002
96,79962225E834,B177279961830144,S177279961822845,100,10.02,2026-03-06 20:20:22,XSHG,600030,SH00000001,SH00000002
97,799622259AB1,B177279961830518,S177279961822845,200,10.02,2026-03-06 20:20:22,XSHG,600030,SH00000001,SH00000002
98,799622256B59,B177279961830044,S177279961822845,100,10.02,2026-03-06 20:20:22,XSHG,600030,SH00000001,SH00000002
99,799622255BD9,B177279961830044,S177279961823485,100,10.02,2026-03-06 20:20:22,XSHG,600030,SH00000001,SH00000002
100,79962225EDF4,B177279961830618,S177279961823585,200,10.02,2026-03-06 20:20:22,XSHG,600030,SH00000001,SH00000002
101,79962225BD17,B177279961830817,S177279961823585,200,10.02,2026-03-06 20:20:22,XSHG,600030,SH00000001,SH00000002
102,79962225B32D,B177279961830408,S177279961823485,200,10.02,2026-03-06 20:20:22,XSHG,600030,SH00000001,SH00000002
103,799622256335,B177279961830717,S177279961823485,200,10.02,2026-03-06 20:20:22,XSHG,600030,SH00000001,SH00000002
104,79962226F09B,B177279961831393,S177279961823385,200,10.02,2026-03-06 20:20:22,XSHG,600030,SH00000001,SH00000002
105,7996222753F3,B177279961832933,S177279961823286,200,10.02,2026-03-06 20:20:22,XSHG,600030,SH00000001,SH00000002
106,79962226E40B,B177279961831017,S177279961823585,100,10.02,2026-03-06 20:20:22,XSHG,600030,SH00000001,SH00000002
107,799622266615,B177279961831017,S177279961823385,100,10.02,2026-03-06 20:20:22,XSHG,600030,SH00000001,SH00000002
108,799622268E8D,B177279961830917,S177279961823385,200,10.02,2026-03-06 20:20:22,XSHG,600030,SH00000001,SH00000002
109,79962227B7B1,B177279961833161,S177279961823286,200,10.02,2026-03-06 20:20:22,XSHG,600030,SH00000001,SH00000002
110,799622274EDD,B177279961832903,S177279961823286,100,10.02,2026-03-06 20:20:22,XSHG,600030,SH00000001,SH00000002
111,799622277E16,B177279961832903,S177279961823785,100,10.02,2026-03-06 20:20:22,XSHG,600030,SH00000001,SH00000002
112,7996222800F8,B177279961833429,S177279961823785,200,10.02,2026-03-06 20:20:22,XSHG,600030,SH00000001,SH00000002
113,79962228148B,B177279961833539,S177279961823785,200,10.02,2026-03-06 20:20:22,XSHG,600030,SH00000001,SH00000002
114,79962229FE40,B177279961833974,S177279961828323,200,10.02,2026-03-06 20:20:22,XSHG,600030,SH00000001,SH00000002
115,799622283B19,B177279961833773,S177279961828323,200,10.02,2026-03-06 20:20:22,XSHG,600030,SH00000001,SH00000002
116,79962229398B,B177279961834374,S177279961833874,100,10.02,2026-03-06 20:20:22,XSHG,600030,SH00000001,SH00000002
117,7996222944EE,B177279961834474,S177279961828323,100,10.02,2026-03-06 20:20:22,XSHG,600030,SH00000001,SH00000002
118,7996222937FD,B177279961834474,S177279961833874,100,10.02,2026-03-06 20:20:22,XSHG,600030,SH00000001,SH00000002
119,79962230CFF0,B177279961834663,S177279961833874,200,10.02,2026-03-06 20:20:22,XSHG,600030,SH00000001,SH00000002
120,799622302EA7,B177279961835300,S177279961833874,100,10.02,2026-03-06 20:20:22,XSHG,600030,SH00000001,SH00000002
121,799622305626,B177279961835300,S177279961835300,100,10.02,2026-03-06 20:20:22,XSHG,600030,SH00000001,SH00000002
122,799622309EEB,B177279961835501,S177279961835300,200,10.02,2026-03-06 20:20:22,XSHG,600030,SH00000001,SH00000002
123,79962230C600,B177279961835902,S177279961835300,200,10.02,2026-03-06 20:20:22,XSHG,600030,SH00000001,SH00000002
124,799622300F21,B177279961836160,S177279961835701,200,10.02,2026-03-06 20:20:22,XSHG,600030,SH00000001,SH00000002
125,799622309FC5,B177279961836325,S177279961835701,200,10.02,2026-03-06 20:20:22,XSHG,600030,SH00000001,SH00000002
126,799622310F10,B177279961836426,S177279961836426,200,10.02,2026-03-06 20:20:22,XSHG,600030,SH00000001,SH00000002
127,7996223127D5,B177279961836526,S177279961835701,100,10.02,2026-03-06 20:20:22,XSHG,600030,SH00000001,SH00000002
128,79962231F1C4,B177279961836526,S177279961836426,100,10.02,2026-03-06 20:20:22,XSHG,600030,SH00000001,SH00000002
129,799622326034,B177279961836726,S177279961836526,200,10.02,2026-03-06 20:20:22,XSHG,600030,SH00000001,SH00000002
130,79962232021F,B177279961836876,S177279961836426,200,10.02,2026-03-06 20:20:22,XSHG,600030,SH00000001,SH00000002
131,799622323CE2,B177279961837045,S177279961836526,200,10.02,2026-03-06 20:20:22,XSHG,600030,SH00000001,SH00000002
132,79962233483D,B177279961838146,S177279961836526,100,10.02,2026-03-06 20:20:22,XSHG,600030,SH00000001,SH00000002
133,79962233D564,B177279961838146,S177279961836726,100,10.02,2026-03-06 20:20:22,XSHG,600030,SH00000001,SH00000002
134,79962235556A,B177279961840519,S177279961836726,200,10.02,2026-03-06 20:20:22,XSHG,600030,SH00000001,SH00000002
135,79962234B83E,B177279961838718,S177279961836726,200,10.02,2026-03-06 20:20:22,XSHG,600030,SH00000001,SH00000002
136,79962235DF6E,B177279961840020,S177279961837045,200,10.02,2026-03-06 20:20:22,XSHG,600030,SH00000001,SH00000002
137,799622377739,B177279961840219,S177279961837045,200,10.02,2026-03-06 20:20:22,XSHG,600030,SH00000001,SH00000002
138,79962237FE3F,B177279961840619,S177279961837345,200,10.02,2026-03-06 20:20:22,XSHG,600030,SH00000001,SH00000002
139,79962237C335,B177279961841421,S177279961837345,200,10.02,2026-03-06 20:20:22,XSHG,600030,SH00000001,SH00000002
140,799622373E59,B177279961843035,S177279961837345,100,10.02,2026-03-06 20:20:22,XSHG,600030,SH00000001,SH00000002
141,799622375712,B177279961842838,S177279961840419,100,10.02,2026-03-06 20:20:22,XSHG,600030,SH00000001,SH00000002
142,79962238BBBB,B177279961844649,S177279961840819,100,10.02,2026-03-06 20:20:22,XSHG,600030,SH00000001,SH00000002
143,7996224009A8,B177279961846411,S177279961840319,200,10.02,2026-03-06 20:20:22,XSHG,600030,SH00000001,SH00000002
144,7996224148B2,B177279961846940,S177279961840119,100,10.02,2026-03-06 20:20:22,XSHG,600030,SH00000001,SH00000002
145,79962241644A,B177279961847579,S177279961840119,100,10.02,2026-03-06 20:20:22,XSHG,600030,SH00000001,SH00000002
146,79962241E2B3,B177279961847688,S177279961840119,100,10.02,2026-03-06 20:20:22,XSHG,600030,SH00000001,SH00000002
147,799622418B54,B177279961848080,S177279961840119,100,10.02,2026-03-06 20:20:22,XSHG,600030,SH00000001,SH00000002
148,799622428C64,B177279961848399,S177279961840119,100,10.02,2026-03-06 20:20:22,XSHG,600030,SH00000001,SH00000002
149,79962242E7C1,B177279961848119,S177279961846259,100,10.02,2026-03-06 20:20:22,XSHG,600030,SH00000001,SH00000002
150,799622420610,B177279961848683,S177279961846259,100,10.02,2026-03-06 20:20:22,XSHG,600030,SH00000001,SH00000002
151,799622422AE9,B177279961849696,S177279961846259,100,10.02,2026-03-06 20:20:22,XSHG,600030,SH00000001,SH00000002
152,79962243E66D,B177279961849796,S177279961846259,100,10.02,2026-03-06 20:20:22,XSHG,600030,SH00000001,SH00000002
153,79962243F4B9,B177279961849996,S177279961846259,100,10.02,2026-03-06 20:20:22,XSHG,600030,SH00000001,SH00000002
154,799622432D9F,B177279961849896,S177279961847240,100,10.02,2026-03-06 20:20:22,XSHG,600030,SH00000001,SH00000002
155,79962244A4E4,B177279961850527,S177279961847240,100,10.02,2026-03-06 20:20:22,XSHG,600030,SH00000001,SH00000002
156,799622447423,B177279961850855,S177279961847240,100,10.02,2026-03-06 20:20:22,XSHG,600030,SH00000001,SH00000002
157,79962244E0C2,B177279961851446,S177279961847240,100,10.02,2026-03-06 20:20:22,XSHG,600030,SH00000001,SH00000002
158,799622444DE2,B177279961851246,S177279961847240,100,10.02,2026-03-06 20:20:22,XSHG,600030,SH00000001,SH00000002
159,79962245EC55,B177279961851636,S177279961847980,100,10.02,2026-03-06 20:20:22,XSHG,600030,SH00000001,SH00000002
160,79962247C4E0,B177279961853043,S177279961848399,100,10.02,2026-03-06 20:20:22,XSHG,600030,SH00000001,SH00000002
161,79962247D9B5,B177279961853043,S177279961850115,100,10.02,2026-03-06 20:20:22,XSHG,600030,SH00000001,SH00000002
162,799622475861,B177279961853570,S177279961850229,100,10.02,2026-03-06 20:20:22,XSHG,600030,SH00000001,SH00000002
163,79962247D347,B177279961853570,S177279961850955,100,10.02,2026-03-06 20:20:22,XSHG,600030,SH00000001,SH00000002
164,79962247C616,B177279961853370,S177279961851054,200,10.02,2026-03-06 20:20:22,XSHG,600030,SH00000001,SH00000002
165,7996224845FB,B177279961854361,S177279961851054,100,10.02,2026-03-06 20:20:22,XSHG,600030,SH00000001,SH00000002
166,799622489DFC,B177279961854361,S177279961851351,100,10.02,2026-03-06 20:20:22,XSHG,600030,SH00000001,SH00000002
167,7996224827CA,B177279961854461,S177279961851054,200,10.02,2026-03-06 20:20:22,XSHG,600030,SH00000001,SH00000002
168,7996224874E8,B177279961854561,S177279961851636,100,10.02,2026-03-06 20:20:22,XSHG,600030,SH00000001,SH00000002
169,79962248E350,B177279961854561,S177279961853043,100,10.02,2026-03-06 20:20:22,XSHG,600030,SH00000001,SH00000002
170,799622491B54,B177279961854697,S177279961852934,100,10.02,2026-03-06 20:20:22,XSHG,600030,SH00000001,SH00000002
171,79962249FEAF,B177279961854697,S177279961853142,100,10.02,2026-03-06 20:20:22,XSHG,600030,SH00000001,SH00000002
172,79962249792D,B177279961855264,S177279961853370,100,10.02,2026-03-06 20:20:22,XSHG,600030,SH00000001,SH00000002
173,7996224929C5,B177279961855264,S177279961853470,100,10.02,2026-03-06 20:20:22,XSHG,600030,SH00000001,SH00000002
174,799622507749,B177279961855595,S177279961853770,100,10.02,2026-03-06 20:20:23,XSHG,600030,SH00000001,SH00000002
175,79962250A4DB,B177279961856267,S177279961853933,100,10.02,2026-03-06 20:20:23,XSHG,600030,SH00000001,SH00000002
176,79962250A15D,B177279961856267,S177279961854461,100,10.02,2026-03-06 20:20:23,XSHG,600030,SH00000001,SH00000002
177,79962250B8F4,B177279961856707,S177279961854697,100,10.02,2026-03-06 20:20:23,XSHG,600030,SH00000001,SH00000002
178,799622505EFA,B177279961856707,S177279961854898,100,10.02,2026-03-06 20:20:23,XSHG,600030,SH00000001,SH00000002
179,79962251FA8E,B177279961857011,S177279961855595,100,10.02,2026-03-06 20:20:23,XSHG,600030,SH00000001,SH00000002
180,79962251FDE3,B177279961857011,S177279961855264,100,10.02,2026-03-06 20:20:23,XSHG,600030,SH00000001,SH00000002
181,79962252424E,B177279961857510,S177279961856369,100,10.02,2026-03-06 20:20:23,XSHG,600030,SH00000001,SH00000002
182,7996225233E4,B177279961857510,S177279961856816,100,10.02,2026-03-06 20:20:23,XSHG,600030,SH00000001,SH00000002
183,799622551630,B177279961857310,S177279961857310,100,10.02,2026-03-06 20:20:23,XSHG,600030,SH00000001,SH00000002
184,7996225580A4,B177279961857310,S177279961857210,100,10.02,2026-03-06 20:20:23,XSHG,600030,SH00000001,SH00000002
185,79962255DB47,B177279961857610,S177279961857710,100,10.02,2026-03-06 20:20:23,XSHG,600030,SH00000001,SH00000002
186,799622565B80,B177279961857610,S177279961858057,100,10.02,2026-03-06 20:20:23,XSHG,600030,SH00000001,SH00000002
187,79962256E989,B177279961858007,S177279961858057,200,10.02,2026-03-06 20:20:23,XSHG,600030,SH00000001,SH00000002
188,79962256C89D,B177279961857810,S177279961858057,200,10.02,2026-03-06 20:20:23,XSHG,600030,SH00000001,SH00000002
189,79962257CCEB,B177279961858057,S177279961859655,200,10.02,2026-03-06 20:20:23,XSHG,600030,SH00000001,SH00000002
190,79962257C1EF,B177279961859000,S177279961859655,200,10.02,2026-03-06 20:20:23,XSHG,600030,SH00000001,SH00000002
191,79962257D122,B177279961859866,S177279961859655,100,10.02,2026-03-06 20:20:23,XSHG,600030,SH00000001,SH00000002
192,79962257ACCF,B177279961859866,S177279961860064,100,10.02,2026-03-06 20:20:23,XSHG,600030,SH00000001,SH00000002
193,799622588F37,B177279961859964,S177279961860364,100,10.02,2026-03-06 20:20:23,XSHG,600030,SH00000001,SH00000002
194,799622580743,B177279961859964,S177279961859757,100,10.02,2026-03-06 20:20:23,XSHG,600030,SH00000001,SH00000002
195,799622593FC6,B177279961860264,S177279961860957,200,10.02,2026-03-06 20:20:23,XSHG,600030,SH00000001,SH00000002
196,79962259D95B,B177279961860164,S177279961860957,200,10.02,2026-03-06 20:20:23,XSHG,600030,SH00000001,SH00000002
197,7996225936E1,B177279961860364,S177279961860957,100,10.02,2026-03-06 20:20:23,XSHG,600030,SH00000001,SH00000002
198,7996225942A5,B177279961860364,S177279961861328,100,10.02,2026-03-06 20:20:23,XSHG,600030,SH00000001,SH00000002
199,7996225906CF,B177279961860560,S177279961861328,200,10.02,2026-03-06 20:20:23,XSHG,600030,SH00000001,SH00000002
200,7996225975B6,B177279961860856,S177279961861328,200,10.02,2026-03-06 20:20:23,XSHG,600030,SH00000001,SH00000002
201,79962260B4B3,B177279961861227,S177279961866577,200,10.02,2026-03-06 20:20:23,XSHG,600030,SH00000001,SH00000002
202,79962260BAEB,B177279961861057,S177279961866577,200,10.02,2026-03-06 20:20:23,XSHG,600030,SH00000001,SH00000002
203,799622606A73,B177279961860957,S177279961866577,100,10.02,2026-03-06 20:20:23,XSHG,600030,SH00000001,SH00000002
204,799622616119,B177279961860957,S177279961866526,100,10.02,2026-03-06 20:20:23,XSHG,600030,SH00000001,SH00000002
205,799622611B06,B177279961861328,S177279961866526,200,10.02,2026-03-06 20:20:23,XSHG,600030,SH00000001,SH00000002
206,799622614591,B177279961862526,S177279961866526,200,10.02,2026-03-06 20:20:23,XSHG,600030,SH00000001,SH00000002
207,799622619C57,B177279961866117,S177279961865888,200,10.02,2026-03-06 20:20:23,XSHG,600030,SH00000001,SH00000002
208,7996226111A5,B177279961866678,S177279961865888,200,10.02,2026-03-06 20:20:23,XSHG,600030,SH00000001,SH00000002
209,7996226106AB,B177279961866364,S177279961865888,100,10.02,2026-03-06 20:20:23,XSHG,600030,SH00000001,SH00000002
210,79962261AEEE,B177279961866364,S177279961866254,100,10.02,2026-03-06 20:20:23,XSHG,600030,SH00000001,SH00000002
211,799622613D2A,B177279961865888,S177279961866254,200,10.02,2026-03-06 20:20:23,XSHG,600030,SH00000001,SH00000002
212,79962261E55D,B177279961867200,S177279961866254,100,10.02,2026-03-06 20:20:23,XSHG,600030,SH00000001,SH00000002
213,79962261AF96,B177279961867377,S177279961866254,100,10.02,2026-03-06 20:20:23,XSHG,600030,SH00000001,SH00000002
214,79962262BA02,B177279961867436,S177279961867545,200,10.02,2026-03-06 20:20:23,XSHG,600030,SH00000001,SH00000002
215,799622627749,B177279961867545,S177279961867545,200,10.02,2026-03-06 20:20:23,XSHG,600030,SH00000001,SH00000002
216,79962262A222,B177279961867300,S177279961867545,100,10.02,2026-03-06 20:20:23,XSHG,600030,SH00000001,SH00000002
217,799622633703,B177279961868478,S177279961869304,100,10.02,2026-03-06 20:20:23,XSHG,600030,SH00000001,SH00000002
218,79962263A97E,B177279961869304,S177279961869304,200,10.02,2026-03-06 20:20:23,XSHG,600030,SH00000001,SH00000002
219,79962262E7C9,B177279961867300,S177279961868478,100,10.02,2026-03-06 20:20:23,XSHG,600030,SH00000001,SH00000002
220,79962262E541,B177279961867645,S177279961868478,200,10.02,2026-03-06 20:20:23,XSHG,600030,SH00000001,SH00000002
221,799622623707,B177279961867746,S177279961868478,200,10.02,2026-03-06 20:20:23,XSHG,600030,SH00000001,SH00000002
222,79962263909A,B177279961870136,S177279961869304,200,10.02,2026-03-06 20:20:23,XSHG,600030,SH00000001,SH00000002
223,799622645AFE,B177279961870036,S177279961869593,100,10.02,2026-03-06 20:20:23,XSHG,600030,SH00000001,SH00000002
224,79962264ABC7,B177279961869593,S177279961869593,100,10.02,2026-03-06 20:20:23,XSHG,600030,SH00000001,SH00000002
225,799622648EED,B177279961863151,S177279961869593,100,10.02,2026-03-06 20:20:23,XSHG,600030,SH00000001,SH00000002
226,79962264FEC7,B177279961863751,S177279961869593,100,10.02,2026-03-06 20:20:23,XSHG,600030,SH00000001,SH00000002
227,7996226446D2,B177279961863451,S177279961869593,100,10.02,2026-03-06 20:20:23,XSHG,600030,SH00000001,SH00000002
228,79962264FD05,B177279961863351,S177279961870136,100,10.02,2026-03-06 20:20:23,XSHG,600030,SH00000001,SH00000002
229,7996226439DA,B177279961863256,S177279961870136,100,10.02,2026-03-06 20:20:23,XSHG,600030,SH00000001,SH00000002
230,79962264AFB4,B177279961864302,S177279961870136,100,10.02,2026-03-06 20:20:23,XSHG,600030,SH00000001,SH00000002
231,79962264508A,B177279961864001,S177279961870136,100,10.02,2026-03-06 20:20:23,XSHG,600030,SH00000001,SH00000002
232,799622659E62,B177279961863900,S177279961870136,100,10.02,2026-03-06 20:20:23,XSHG,600030,SH00000001,SH00000002
233,79962266039A,B177279961863651,S177279961870893,100,10.02,2026-03-06 20:20:23,XSHG,600030,SH00000001,SH00000002
234,7996226661F7,B177279961862931,S177279961870893,100,10.02,2026-03-06 20:20:23,XSHG,600030,SH00000001,SH00000002
235,799622661BEE,B177279961863048,S177279961870893,100,10.02,2026-03-06 20:20:23,XSHG,600030,SH00000001,SH00000002
236,799622664549,B177279961863551,S177279961870893,100,10.02,2026-03-06 20:20:23,XSHG,600030,SH00000001,SH00000002
237,79962266E391,B177279961871293,S177279961870993,200,10.02,2026-03-06 20:20:23,XSHG,600030,SH00000001,SH00000002
238,799622669B79,B177279961864444,S177279961870893,100,10.02,2026-03-06 20:20:23,XSHG,600030,SH00000001,SH00000002
239,7996226678E8,B177279961864101,S177279961870993,100,10.02,2026-03-06 20:20:23,XSHG,600030,SH00000001,SH00000002
240,79962266B2FE,B177279961871093,S177279961870993,200,10.02,2026-03-06 20:20:23,XSHG,600030,SH00000001,SH00000002
241,7996226737CF,B177279961871893,S177279961871593,100,10.02,2026-03-06 20:20:23,XSHG,600030,SH00000001,SH00000002
242,799622675E82,B177279961871393,S177279961871593,200,10.02,2026-03-06 20:20:23,XSHG,600030,SH00000001,SH00000002
243,79962267C88D,B177279961864494,S177279961871593,100,10.02,2026-03-06 20:20:23,XSHG,600030,SH00000001,SH00000002
244,7996226778B3,B177279961865181,S177279961871593,100,10.02,2026-03-06 20:20:23,XSHG,600030,SH00000001,SH00000002
245,79962267C250,B177279961865283,S177279961871693,100,10.02,2026-03-06 20:20:23,XSHG,600030,SH00000001,SH00000002
246,799622675671,B177279961871193,S177279961871693,200,10.02,2026-03-06 20:20:23,XSHG,600030,SH00000001,SH00000002
247,799622670742,B177279961864840,S177279961871693,100,10.02,2026-03-06 20:20:23,XSHG,600030,SH00000001,SH00000002
248,799622688FD0,B177279961872393,S177279961871693,100,10.02,2026-03-06 20:20:23,XSHG,600030,SH00000001,SH00000002
249,799622680945,B177279961865120,S177279961871793,100,10.02,2026-03-06 20:20:23,XSHG,600030,SH00000001,SH00000002
250,79962268A62B,B177279961865434,S177279961871793,100,10.02,2026-03-06 20:20:23,XSHG,600030,SH00000001,SH00000002
251,799622685C4B,B177279961865047,S177279961871793,100,10.02,2026-03-06 20:20:23,XSHG,600030,SH00000001,SH00000002
252,79962269A7BA,B177279961872193,S177279961871793,100,10.02,2026-03-06 20:20:23,XSHG,600030,SH00000001,SH00000002
253,79962269BA36,B177279961865634,S177279961871793,100,10.02,2026-03-06 20:20:23,XSHG,600030,SH00000001,SH00000002
254,799622707CF4,B177279961865834,S177279961872293,100,10.02,2026-03-06 20:20:23,XSHG,600030,SH00000001,SH00000002
255,79962270B5D0,B177279961865735,S177279961872293,100,10.02,2026-03-06 20:20:23,XSHG,600030,SH00000001,SH00000002
256,79962270BFBB,B177279961865536,S177279961872293,100,10.02,2026-03-06 20:20:23,XSHG,600030,SH00000001,SH00000002
257,7996227030AB,B177279961872778,S177279961872293,100,10.02,2026-03-06 20:20:23,XSHG,600030,SH00000001,SH00000002
258,799622712C09,B177279961872878,S177279961872293,100,10.02,2026-03-06 20:20:23,XSHG,600030,SH00000001,SH00000002
259,79962271C042,B177279961864947,S177279961872093,100,10.02,2026-03-06 20:20:23,XSHG,600030,SH00000001,SH00000002
260,799622717469,B177279961873064,S177279961872093,200,10.02,2026-03-06 20:20:23,XSHG,600030,SH00000001,SH00000002
261,79962271170E,B177279961873463,S177279961872093,200,10.02,2026-03-06 20:20:23,XSHG,600030,SH00000001,SH00000002
262,7996227183B9,B177279961873799,S177279961872778,100,10.02,2026-03-06 20:20:23,XSHG,600030,SH00000001,SH00000002
263,79962272A323,B177279961873563,S177279961872778,100,10.02,2026-03-06 20:20:23,XSHG,600030,SH00000001,SH00000002
264,79962272A83F,B177279961873907,S177279961872778,100,10.02,2026-03-06 20:20:23,XSHG,600030,SH00000001,SH00000002
265,799622727516,B177279961874025,S177279961872778,200,10.02,2026-03-06 20:20:23,XSHG,600030,SH00000001,SH00000002
266,79962272EF19,B177279961874728,S177279961872678,200,10.02,2026-03-06 20:20:23,XSHG,600030,SH00000001,SH00000002
267,7996227277B4,B177279961874648,S177279961872678,100,10.02,2026-03-06 20:20:23,XSHG,600030,SH00000001,SH00000002
268,799622727B9E,B177279961875013,S177279961872678,100,10.02,2026-03-06 20:20:23,XSHG,600030,SH00000001,SH00000002
269,79962272BB30,B177279961875414,S177279961872678,100,10.02,2026-03-06 20:20:23,XSHG,600030,SH00000001,SH00000002
270,79962272497D,B177279961875414,S177279961872960,100,10.02,2026-03-06 20:20:23,XSHG,600030,SH00000001,SH00000002
271,799622731BF0,B177279961876243,S177279961872960,200,10.02,2026-03-06 20:20:23,XSHG,600030,SH00000001,SH00000002
272,79962273B255,B177279961877165,S177279961872960,200,10.02,2026-03-06 20:20:23,XSHG,600030,SH00000001,SH00000002
273,7996227474E0,B177279961876865,S177279961873064,200,10.02,2026-03-06 20:20:23,XSHG,600030,SH00000001,SH00000002
274,79962274F2BA,B177279961877765,S177279961873064,200,10.02,2026-03-06 20:20:23,XSHG,600030,SH00000001,SH00000002
275,79962274CF81,B177279961877865,S177279961873064,100,10.02,2026-03-06 20:20:23,XSHG,600030,SH00000001,SH00000002
276,79962274CBE6,B177279961877865,S177279961873163,100,10.02,2026-03-06 20:20:23,XSHG,600030,SH00000001,SH00000002
277,7996227451C6,B177279961877665,S177279961873163,200,10.02,2026-03-06 20:20:23,XSHG,600030,SH00000001,SH00000002
278,799622756274,B177279961877966,S177279961873163,100,10.02,2026-03-06 20:20:23,XSHG,600030,SH00000001,SH00000002
279,799622767FD7,B177279961876765,S177279961873163,100,10.02,2026-03-06 20:20:23,XSHG,600030,SH00000001,SH00000002
280,799622765D4A,B177279961878030,S177279961873263,200,10.02,2026-03-06 20:20:23,XSHG,600030,SH00000001,SH00000002
281,79962276C741,B177279961879655,S177279961873263,200,10.02,2026-03-06 20:20:23,XSHG,600030,SH00000001,SH00000002
282,799622760396,B177279961879539,S177279961873263,100,10.02,2026-03-06 20:20:23,XSHG,600030,SH00000001,SH00000002
283,799622769B43,B177279961879539,S177279961873966,100,10.02,2026-03-06 20:20:23,XSHG,600030,SH00000001,SH00000002
284,7996227667F5,B177279961879927,S177279961873966,200,10.02,2026-03-06 20:20:23,XSHG,600030,SH00000001,SH00000002
285,7996227635C1,B177279961879824,S177279961873966,200,10.02,2026-03-06 20:20:23,XSHG,600030,SH00000001,SH00000002
286,799622771C28,B177279961880126,S177279961874728,100,10.02,2026-03-06 20:20:23,XSHG,600030,SH00000001,SH00000002
287,79962277EDEA,B177279961880126,S177279961875213,100,10.02,2026-03-06 20:20:23,XSHG,600030,SH00000001,SH00000002
288,7996227866BB,B177279961880383,S177279961875414,100,10.02,2026-03-06 20:20:23,XSHG,600030,SH00000001,SH00000002
289,79962278533E,B177279961880383,S177279961875665,100,10.02,2026-03-06 20:20:23,XSHG,600030,SH00000001,SH00000002
290,799622791648,B177279961880492,S177279961875013,100,10.02,2026-03-06 20:20:23,XSHG,600030,SH00000001,SH00000002
291,79962279DF3A,B177279961880492,S177279961876143,100,10.02,2026-03-06 20:20:23,XSHG,600030,SH00000001,SH00000002
292,7996227948EE,B177279961880592,S177279961875942,100,10.02,2026-03-06 20:20:23,XSHG,600030,SH00000001,SH00000002
293,79962279D765,B177279961880592,S177279961876243,100,10.02,2026-03-06 20:20:23,XSHG,600030,SH00000001,SH00000002
294,799622794F8B,B177279961880892,S177279961876465,100,10.02,2026-03-06 20:20:23,XSHG,600030,SH00000001,SH00000002
295,799622794997,B177279961880892,S177279961876365,100,10.02,2026-03-06 20:20:23,XSHG,600030,SH00000001,SH00000002
296,799622808B49,B177279961880793,S177279961876365,100,10.02,2026-03-06 20:20:23,XSHG,600030,SH00000001,SH00000002
297,79962280778B,B177279961881192,S177279961876365,200,10.02,2026-03-06 20:20:23,XSHG,600030,SH00000001,SH00000002
298,799622805EE8,B177279961880992,S177279961876365,100,10.02,2026-03-06 20:20:23,XSHG,600030,SH00000001,SH00000002
299,79962280B0A0,B177279961880992,S177279961876865,100,10.02,2026-03-06 20:20:23,XSHG,600030,SH00000001,SH00000002
300,799622805573,B177279961881290,S177279961876965,100,10.02,2026-03-06 20:20:23,XSHG,600030,SH00000001,SH00000002
301,79962280C5DD,B177279961881346,S177279961876765,200,10.02,2026-03-06 20:20:23,XSHG,600030,SH00000001,SH00000002
302,79962281DD33,B177279961883233,S177279961876765,200,10.02,2026-03-06 20:20:23,XSHG,600030,SH00000001,SH00000002
303,79962282F4E4,B177279961883334,S177279961876765,100,10.02,2026-03-06 20:20:23,XSHG,600030,SH00000001,SH00000002
304,79962282269E,B177279961883334,S177279961877065,100,10.02,2026-03-06 20:20:23,XSHG,600030,SH00000001,SH00000002
305,799622837205,B177279961883032,S177279961877265,100,10.02,2026-03-06 20:20:23,XSHG,600030,SH00000001,SH00000002
306,7996228371FD,B177279961883032,S177279961877565,100,10.02,2026-03-06 20:20:23,XSHG,600030,SH00000001,SH00000002
307,7996228351EC,B177279961883441,S177279961877665,100,10.02,2026-03-06 20:20:23,XSHG,600030,SH00000001,SH00000002
308,799622837965,B177279961883441,S177279961877865,100,10.02,2026-03-06 20:20:23,XSHG,600030,SH00000001,SH00000002
309,799622831A3F,B177279961882904,S177279961877865,200,10.02,2026-03-06 20:20:23,XSHG,600030,SH00000001,SH00000002
310,79962284E44E,B177279961883842,S177279961877865,200,10.02,2026-03-06 20:20:23,XSHG,600030,SH00000001,SH00000002
311,79962284CDB7,B177279961884240,S177279961878030,100,10.02,2026-03-06 20:20:23,XSHG,600030,SH00000001,SH00000002
312,799622843E5E,B177279961884240,S177279961880126,100,10.02,2026-03-06 20:20:23,XSHG,600030,SH00000001,SH00000002
313,7996228450F4,B177279961883941,S177279961880025,100,10.02,2026-03-06 20:20:23,XSHG,600030,SH00000001,SH00000002
314,799622849F7C,B177279961883941,S177279961880383,100,10.02,2026-03-06 20:20:23,XSHG,600030,SH00000001,SH00000002
315,799622848E5D,B177279961884141,S177279961880592,100,10.02,2026-03-06 20:20:23,XSHG,600030,SH00000001,SH00000002
316,799622840F34,B177279961884141,S177279961881346,100,10.02,2026-03-06 20:20:23,XSHG,600030,SH00000001,SH00000002
317,799622857921,B177279961884041,S177279961883533,200,10.02,2026-03-06 20:20:23,XSHG,600030,SH00000001,SH00000002
318,799622852437,B177279961883742,S177279961883533,200,10.02,2026-03-06 20:20:23,XSHG,600030,SH00000001,SH00000002
319,799622851BE3,B177279961884341,S177279961883533,100,10.02,2026-03-06 20:20:23,XSHG,600030,SH00000001,SH00000002
320,79962285E838,B177279961884341,S177279961884240,100,10.02,2026-03-06 20:20:23,XSHG,600030,SH00000001,SH00000002
321,799622856AA7,B177279961884683,S177279961884240,200,10.02,2026-03-06 20:20:23,XSHG,600030,SH00000001,SH00000002
322,7996228765D1,B177279961886246,S177279961884683,200,10.02,2026-03-06 20:20:23,XSHG,600030,SH00000001,SH00000002
323,799622861605,B177279961886205,S177279961884240,200,10.02,2026-03-06 20:20:23,XSHG,600030,SH00000001,SH00000002
324,79962287AAB8,B177279961886453,S177279961884683,100,10.02,2026-03-06 20:20:23,XSHG,600030,SH00000001,SH00000002
325,799622876F80,B177279961886363,S177279961884683,200,10.02,2026-03-06 20:20:23,XSHG,600030,SH00000001,SH00000002
326,799622871EAC,B177279961886453,S177279961886662,100,10.02,2026-03-06 20:20:23,XSHG,600030,SH00000001,SH00000002
327,799622876E3F,B177279961886763,S177279961886662,200,10.02,2026-03-06 20:20:23,XSHG,600030,SH00000001,SH00000002
328,7996228745F0,B177279961886862,S177279961886662,200,10.02,2026-03-06 20:20:23,XSHG,600030,SH00000001,SH00000002
329,799622889DB0,B177279961886662,S177279961887563,200,10.02,2026-03-06 20:20:23,XSHG,600030,SH00000001,SH00000002
330,79962288D790,B177279961887362,S177279961887563,200,10.02,2026-03-06 20:20:23,XSHG,600030,SH00000001,SH00000002
331,79962288A6BA,B177279961887262,S177279961887563,100,10.02,2026-03-06 20:20:23,XSHG,600030,SH00000001,SH00000002
332,79962289E407,B177279961887162,S177279961888000,200,10.02,2026-03-06 20:20:23,XSHG,600030,SH00000001,SH00000002
333,79962289F6A5,B177279961887262,S177279961888000,100,10.02,2026-03-06 20:20:23,XSHG,600030,SH00000001,SH00000002
334,799622893FC7,B177279961887062,S177279961888000,200,10.02,2026-03-06 20:20:23,XSHG,600030,SH00000001,SH00000002
335,799622907CC7,B177279961887662,S177279961890253,200,10.02,2026-03-06 20:20:23,XSHG,600030,SH00000001,SH00000002
336,799622903F6C,B177279961887854,S177279961890253,200,10.02,2026-03-06 20:20:23,XSHG,600030,SH00000001,SH00000002
337,7996229069D9,B177279961888000,S177279961890253,100,10.02,2026-03-06 20:20:23,XSHG,600030,SH00000001,SH00000002
338,79962290E74E,B177279961888000,S177279961890752,100,10.02,2026-03-06 20:20:23,XSHG,600030,SH00000001,SH00000002
339,799622900764,B177279961889702,S177279961890752,200,10.02,2026-03-06 20:20:23,XSHG,600030,SH00000001,SH00000002
340,799622903006,B177279961890052,S177279961890752,200,10.02,2026-03-06 20:20:23,XSHG,600030,SH00000001,SH00000002
341,79962290903B,B177279961889951,S177279961891152,200,10.02,2026-03-06 20:20:23,XSHG,600030,SH00000001,SH00000002
342,7996229029C3,B177279961890352,S177279961891152,200,10.02,2026-03-06 20:20:23,XSHG,600030,SH00000001,SH00000002
343,799622909D26,B177279961889803,S177279961891152,100,10.02,2026-03-06 20:20:23,XSHG,600030,SH00000001,SH00000002
344,799622904F00,B177279961889803,S177279961891304,100,10.02,2026-03-06 20:20:23,XSHG,600030,SH00000001,SH00000002
345,7996229045B4,B177279961890151,S177279961891304,200,10.02,2026-03-06 20:20:23,XSHG,600030,SH00000001,SH00000002
346,79962290DA75,B177279961890652,S177279961891304,200,10.02,2026-03-06 20:20:23,XSHG,600030,SH00000001,SH00000002
347,79962291EE84,B177279961890752,S177279961893027,200,10.02,2026-03-06 20:20:23,XSHG,600030,SH00000001,SH00000002
348,79962291272D,B177279961890852,S177279961893027,200,10.02,2026-03-06 20:20:23,XSHG,600030,SH00000001,SH00000002
349,799622919C2C,B177279961891152,S177279961893027,100,10.02,2026-03-06 20:20:23,XSHG,600030,SH00000001,SH00000002
350,7996229162DE,B177279961891152,S177279961893536,100,10.02,2026-03-06 20:20:23,XSHG,600030,SH00000001,SH00000002
351,79962291CC9F,B177279961891304,S177279961893536,200,10.02,2026-03-06 20:20:23,XSHG,600030,SH00000001,SH00000002
352,799622914748,B177279961891245,S177279961893536,200,10.02,2026-03-06 20:20:23,XSHG,600030,SH00000001,SH00000002
353,799622919AB6,B177279961891052,S177279961893636,200,10.02,2026-03-06 20:20:23,XSHG,600030,SH00000001,SH00000002
354,79962291C56A,B177279961893027,S177279961893636,100,10.02,2026-03-06 20:20:23,XSHG,600030,SH00000001,SH00000002
355,79962291DEC6,B177279961893336,S177279961893636,100,10.02,2026-03-06 20:20:23,XSHG,600030,SH00000001,SH00000002
356,799622916EBB,B177279961893636,S177279961893636,100,10.02,2026-03-06 20:20:23,XSHG,600030,SH00000001,SH00000002
357,7996229162B2,B177279961893636,S177279961893336,100,10.02,2026-03-06 20:20:23,XSHG,600030,SH00000001,SH00000002
358,799622916455,B177279961894136,S177279961893336,200,10.02,2026-03-06 20:20:23,XSHG,600030,SH00000001,SH00000002
359,799622925E46,B177279961893936,S177279961893336,100,10.02,2026-03-06 20:20:23,XSHG,600030,SH00000001,SH00000002
360,799622926B13,B177279961893736,S177279961893336,100,10.02,2026-03-06 20:20:23,XSHG,600030,SH00000001,SH00000002
361,799622929D2D,B177279961893836,S177279961894237,200,10.02,2026-03-06 20:20:23,XSHG,600030,SH00000001,SH00000002
362,799622926691,B177279961894328,S177279961894237,100,10.02,2026-03-06 20:20:23,XSHG,600030,SH00000001,SH00000002
363,799622935B38,B177279961894646,S177279961894237,200,10.02,2026-03-06 20:20:23,XSHG,600030,SH00000001,SH00000002
364,79962293CB20,B177279961894871,S177279961894328,200,10.02,2026-03-06 20:20:23,XSHG,600030,SH00000001,SH00000002
365,7996229363B6,B177279961895071,S177279961894328,200,10.02,2026-03-06 20:20:23,XSHG,600030,SH00000001,SH00000002
366,799622939BF8,B177279961896256,S177279961894328,100,10.02,2026-03-06 20:20:23,XSHG,600030,SH00000001,SH00000002
367,799622933E88,B177279961896359,S177279961894646,100,10.02,2026-03-06 20:20:23,XSHG,600030,SH00000001,SH00000002
368,799622935913,B177279961896470,S177279961894646,100,10.02,2026-03-06 20:20:23,XSHG,600030,SH00000001,SH00000002
369,799622933B89,B177279961897116,S177279961894646,200,10.02,2026-03-06 20:20:23,XSHG,600030,SH00000001,SH00000002
370,799622935303,B177279961897332,S177279961894646,100,10.02,2026-03-06 20:20:23,XSHG,600030,SH00000001,SH00000002
371,799622940A21,B177279961897724,S177279961894871,200,10.02,2026-03-06 20:20:23,XSHG,600030,SH00000001,SH00000002
372,79962294DA11,B177279961897232,S177279961894871,100,10.02,2026-03-06 20:20:23,XSHG,600030,SH00000001,SH00000002
373,799622942DBC,B177279961897532,S177279961894871,100,10.02,2026-03-06 20:20:23,XSHG,600030,SH00000001,SH00000002
374,799622950967,B177279961897632,S177279961894871,100,10.02,2026-03-06 20:20:23,XSHG,600030,SH00000001,SH00000002
375,799622957359,B177279961897632,S177279961895071,100,10.02,2026-03-06 20:20:23,XSHG,600030,SH00000001,SH00000002
376,79962295412E,B177279961898308,S177279961896570,200,10.02,2026-03-06 20:20:23,XSHG,600030,SH00000001,SH00000002
377,799622957DD8,B177279961898024,S177279961896570,200,10.02,2026-03-06 20:20:23,XSHG,600030,SH00000001,SH00000002
378,799622950237,B177279961898509,S177279961896570,100,10.02,2026-03-06 20:20:23,XSHG,600030,SH00000001,SH00000002
379,79962296DDF6,B177279961899263,S177279961896359,200,10.02,2026-03-06 20:20:23,XSHG,600030,SH00000001,SH00000002
380,7996229644A6,B177279961899387,S177279961896359,100,10.02,2026-03-06 20:20:23,XSHG,600030,SH00000001,SH00000002
381,79962296DB1C,B177279961899687,S177279961896359,200,10.02,2026-03-06 20:20:23,XSHG,600030,SH00000001,SH00000002
382,79962296A401,B177279961899787,S177279961896470,200,10.02,2026-03-06 20:20:23,XSHG,600030,SH00000001,SH00000002
383,7996229769A6,B177279961899987,S177279961896470,200,10.02,2026-03-06 20:20:23,XSHG,600030,SH00000001,SH00000002
384,79962297F9D8,B177279961900587,S177279961896470,100,10.02,2026-03-06 20:20:23,XSHG,600030,SH00000001,SH00000002
385,799622974918,B177279961900587,S177279961897232,100,10.02,2026-03-06 20:20:23,XSHG,600030,SH00000001,SH00000002
386,799622976785,B177279961900791,S177279961897232,100,10.02,2026-03-06 20:20:23,XSHG,600030,SH00000001,SH00000002
387,799622989DEE,B177279961900888,S177279961897232,100,10.02,2026-03-06 20:20:23,XSHG,600030,SH00000001,SH00000002
388,79962298CE32,B177279961901187,S177279961897232,200,10.02,2026-03-06 20:20:23,XSHG,600030,SH00000001,SH00000002
389,7996229819A0,B177279961901382,S177279961898024,200,10.02,2026-03-06 20:20:23,XSHG,600030,SH00000001,SH00000002
390,799622988FAD,B177279961902038,S177279961898024,100,10.02,2026-03-06 20:20:23,XSHG,600030,SH00000001,SH00000002
391,799622991C9F,B177279961901837,S177279961898024,200,10.02,2026-03-06 20:20:23,XSHG,600030,SH00000001,SH00000002
392,799622992742,B177279961902866,S177279961898089,100,10.02,2026-03-06 20:20:23,XSHG,600030,SH00000001,SH00000002
393,799622990DC1,B177279961903466,S177279961898089,100,10.02,2026-03-06 20:20:23,XSHG,600030,SH00000001,SH00000002
394,7996230032CE,B177279961903667,S177279961898089,200,10.02,2026-03-06 20:20:23,XSHG,600030,SH00000001,SH00000002
395,79962300CD7D,B177279961903367,S177279961898089,100,10.02,2026-03-06 20:20:23,XSHG,600030,SH00000001,SH00000002
396,79962300081C,B177279961904167,S177279961898308,100,10.02,2026-03-06 20:20:23,XSHG,600030,SH00000001,SH00000002
397,799623014CFF,B177279961903767,S177279961898308,100,10.02,2026-03-06 20:20:23,XSHG,600030,SH00000001,SH00000002
398,79962301CD82,B177279961903967,S177279961898308,100,10.02,2026-03-06 20:20:23,XSHG,600030,SH00000001,SH00000002
399,799623016F7C,B177279961904067,S177279961898308,200,10.02,2026-03-06 20:20:23,XSHG,600030,SH00000001,SH00000002
400,79962301AD64,B177279961903866,S177279961898509,100,10.02,2026-03-06 20:20:23,XSHG,600030,SH00000001,SH00000002
401,799623010E1A,B177279961904870,S177279961898509,100,10.02,2026-03-06 20:20:23,XSHG,600030,SH00000001,SH00000002
402,79962302E1F6,B177279961905405,S177279961898509,100,10.02,2026-03-06 20:20:23,XSHG,600030,SH00000001,SH00000002
403,799623027DB1,B177279961905204,S177279961898509,100,10.02,2026-03-06 20:20:23,XSHG,600030,SH00000001,SH00000002
404,79962302D50F,B177279961905466,S177279961898509,100,10.02,2026-03-06 20:20:23,XSHG,600030,SH00000001,SH00000002
405,79962302F375,B177279961905466,S177279961899263,100,10.02,2026-03-06 20:20:23,XSHG,600030,SH00000001,SH00000002
406,79962302F83E,B177279961905883,S177279961899263,100,10.02,2026-03-06 20:20:23,XSHG,600030,SH00000001,SH00000002
407,799623020DFD,B177279961906083,S177279961899263,200,10.02,2026-03-06 20:20:23,XSHG,600030,SH00000001,SH00000002
408,79962302E3B8,B177279961905683,S177279961899263,100,10.02,2026-03-06 20:20:23,XSHG,600030,SH00000001,SH00000002
409,79962302E81B,B177279961905982,S177279961899387,200,10.02,2026-03-06 20:20:23,XSHG,600030,SH00000001,SH00000002
410,79962303333A,B177279961906551,S177279961899387,100,10.02,2026-03-06 20:20:23,XSHG,600030,SH00000001,SH00000002
411,79962303BAC3,B177279961906753,S177279961899387,200,10.02,2026-03-06 20:20:23,XSHG,600030,SH00000001,SH00000002
412,799623041CFE,B177279961906701,S177279961899987,200,10.02,2026-03-06 20:20:23,XSHG,600030,SH00000001,SH00000002
413,79962304BC67,B177279961906419,S177279961899987,200,10.02,2026-03-06 20:20:23,XSHG,600030,SH00000001,SH00000002
414,79962304D48F,B177279961907154,S177279961899987,100,10.02,2026-03-06 20:20:23,XSHG,600030,SH00000001,SH00000002
415,799623041EC1,B177279961906954,S177279961900087,200,10.02,2026-03-06 20:20:23,XSHG,600030,SH00000001,SH00000002
416,7996230470C1,B177279961907248,S177279961900087,200,10.02,2026-03-06 20:20:23,XSHG,600030,SH00000001,SH00000002
417,7996230574A8,B177279961907054,S177279961900087,100,10.02,2026-03-06 20:20:23,XSHG,600030,SH00000001,SH00000002
418,79962305FBF7,B177279961907658,S177279961900888,100,10.02,2026-03-06 20:20:23,XSHG,600030,SH00000001,SH00000002
419,79962305951A,B177279961908310,S177279961900888,100,10.02,2026-03-06 20:20:23,XSHG,600030,SH00000001,SH00000002
420,799623051630,B177279961908109,S177279961900888,100,10.02,2026-03-06 20:20:23,XSHG,600030,SH00000001,SH00000002
421,799623057337,B177279961908210,S177279961900888,200,10.02,2026-03-06 20:20:23,XSHG,600030,SH00000001,SH00000002
422,79962305EFD9,B177279961908777,S177279961901382,200,10.02,2026-03-06 20:20:23,XSHG,600030,SH00000001,SH00000002
423,799623052B45,B177279961908658,S177279961901382,200,10.02,2026-03-06 20:20:23,XSHG,600030,SH00000001,SH00000002
424,79962306D4F3,B177279961908877,S177279961901382,100,10.02,2026-03-06 20:20:23,XSHG,600030,SH00000001,SH00000002
425,79962306DA29,B177279961909176,S177279961901287,100,10.02,2026-03-06 20:20:23,XSHG,600030,SH00000001,SH00000002
426,7996230676C1,B177279961909076,S177279961902038,100,10.02,2026-03-06 20:20:23,XSHG,600030,SH00000001,SH00000002
427,79962306857D,B177279961909420,S177279961902038,100,10.02,2026-03-06 20:20:23,XSHG,600030,SH00000001,SH00000002
428,799623069665,B177279961909276,S177279961902038,200,10.02,2026-03-06 20:20:23,XSHG,600030,SH00000001,SH00000002
429,799623064AFE,B177279961909520,S177279961902038,100,10.02,2026-03-06 20:20:23,XSHG,600030,SH00000001,SH00000002
430,79962306E50A,B177279961909650,S177279961901837,200,10.02,2026-03-06 20:20:23,XSHG,600030,SH00000001,SH00000002
431,79962306DFF6,B177279961909751,S177279961901837,100,10.02,2026-03-06 20:20:23,XSHG,600030,SH00000001,SH00000002
432,799623075981,B177279961909851,S177279961901837,200,10.02,2026-03-06 20:20:23,XSHG,600030,SH00000001,SH00000002
433,7996230715FD,B177279961910150,S177279961902960,100,10.02,2026-03-06 20:20:23,XSHG,600030,SH00000001,SH00000002
434,799623075E61,B177279961910150,S177279961903567,100,10.02,2026-03-06 20:20:23,XSHG,600030,SH00000001,SH00000002
435,799623073509,B177279961910353,S177279961903567,200,10.02,2026-03-06 20:20:23,XSHG,600030,SH00000001,SH00000002
436,799623073B60,B177279961910503,S177279961903567,100,10.02,2026-03-06 20:20:23,XSHG,600030,SH00000001,SH00000002
437,79962307F5B0,B177279961910704,S177279961903567,100,10.02,2026-03-06 20:20:23,XSHG,600030,SH00000001,SH00000002
438,799623073463,B177279961910704,S177279961904067,100,10.02,2026-03-06 20:20:23,XSHG,600030,SH00000001,SH00000002
439,79962308CC7F,B177279961910904,S177279961904067,200,10.02,2026-03-06 20:20:23,XSHG,600030,SH00000001,SH00000002
440,7996230884C5,B177279961911304,S177279961904067,100,10.02,2026-03-06 20:20:23,XSHG,600030,SH00000001,SH00000002
441,79962308CD15,B177279961910804,S177279961904067,100,10.02,2026-03-06 20:20:23,XSHG,600030,SH00000001,SH00000002
442,799623084A19,B177279961910804,S177279961905004,100,10.02,2026-03-06 20:20:23,XSHG,600030,SH00000001,SH00000002
443,79962308C5CE,B177279961911004,S177279961905004,100,10.02,2026-03-06 20:20:23,XSHG,600030,SH00000001,SH00000002
444,79962308160D,B177279961911204,S177279961905004,200,10.02,2026-03-06 20:20:23,XSHG,600030,SH00000001,SH00000002
445,79962309CF4C,B177279961911404,S177279961905004,100,10.02,2026-03-06 20:20:23,XSHG,600030,SH00000001,SH00000002
446,7996230986B1,B177279961911404,S177279961904870,100,10.02,2026-03-06 20:20:23,XSHG,600030,SH00000001,SH00000002
447,7996230926EE,B177279961911705,S177279961904670,100,10.02,2026-03-06 20:20:23,XSHG,600030,SH00000001,SH00000002
448,79962309470D,B177279961911605,S177279961904770,100,10.02,2026-03-06 20:20:23,XSHG,600030,SH00000001,SH00000002
449,799623099EEF,B177279961911605,S177279961905783,100,10.02,2026-03-06 20:20:23,XSHG,600030,SH00000001,SH00000002
450,7996230964C6,B177279961911834,S177279961905783,200,10.02,2026-03-06 20:20:23,XSHG,600030,SH00000001,SH00000002
451,79962310D326,B177279961911505,S177279961905783,100,10.02,2026-03-06 20:20:23,XSHG,600030,SH00000001,SH00000002
452,799623102DCF,B177279961912073,S177279961905783,100,10.02,2026-03-06 20:20:23,XSHG,600030,SH00000001,SH00000002
453,7996231020C5,B177279961912273,S177279961906083,100,10.02,2026-03-06 20:20:23,XSHG,600030,SH00000001,SH00000002
454,799623105553,B177279961912173,S177279961907154,100,10.02,2026-03-06 20:20:23,XSHG,600030,SH00000001,SH00000002
455,7996231081BE,B177279961912173,S177279961907299,100,10.02,2026-03-06 20:20:23,XSHG,600030,SH00000001,SH00000002
456,799623107AA6,B177279961912573,S177279961907299,200,10.02,2026-03-06 20:20:23,XSHG,600030,SH00000001,SH00000002
457,7996231195A0,B177279961912473,S177279961907299,100,10.02,2026-03-06 20:20:23,XSHG,600030,SH00000001,SH00000002
458,799623115363,B177279961912373,S177279961907299,100,10.02,2026-03-06 20:20:23,XSHG,600030,SH00000001,SH00000002
459,799623115EFF,B177279961912373,S177279961909951,100,10.02,2026-03-06 20:20:23,XSHG,600030,SH00000001,SH00000002
460,799623119506,B177279961912704,S177279961909520,200,10.02,2026-03-06 20:20:23,XSHG,600030,SH00000001,SH00000002
461,79962311EC2D,B177279961912904,S177279961909520,100,10.02,2026-03-06 20:20:23,XSHG,600030,SH00000001,SH00000002
462,79962311BDCD,B177279961913004,S177279961909520,200,10.02,2026-03-06 20:20:23,XSHG,600030,SH00000001,SH00000002
463,79962311D054,B177279961913204,S177279961910251,100,10.02,2026-03-06 20:20:23,XSHG,600030,SH00000001,SH00000002
464,799623111A0F,B177279961913204,S177279961910150,100,10.02,2026-03-06 20:20:23,XSHG,600030,SH00000001,SH00000002
465,799623112BDB,B177279961913405,S177279961910150,200,10.02,2026-03-06 20:20:23,XSHG,600030,SH00000001,SH00000002
466,799623120B7B,B177279961913604,S177279961910150,200,10.02,2026-03-06 20:20:23,XSHG,600030,SH00000001,SH00000002
467,7996231212C7,B177279961913504,S177279961910804,100,10.02,2026-03-06 20:20:23,XSHG,600030,SH00000001,SH00000002
468,79962312A954,B177279961913504,S177279961911834,100,10.02,2026-03-06 20:20:23,XSHG,600030,SH00000001,SH00000002
469,799623126EFB,B177279961913904,S177279961912704,100,10.02,2026-03-06 20:20:23,XSHG,600030,SH00000001,SH00000002
470,799623120642,B177279961913904,S177279961913104,100,10.02,2026-03-06 20:20:23,XSHG,600030,SH00000001,SH00000002
471,79962313A012,B177279961914373,S177279961913004,200,10.02,2026-03-06 20:20:23,XSHG,600030,SH00000001,SH00000002
472,799623137616,B177279961913804,S177279961913004,100,10.02,2026-03-06 20:20:23,XSHG,600030,SH00000001,SH00000002
473,79962313B23E,B177279961914775,S177279961913004,100,10.02,2026-03-06 20:20:23,XSHG,600030,SH00000001,SH00000002
474,79962313A4FC,B177279961914473,S177279961913004,100,10.02,2026-03-06 20:20:23,XSHG,600030,SH00000001,SH00000002
475,79962314E980,B177279961914573,S177279961913604,200,10.02,2026-03-06 20:20:23,XSHG,600030,SH00000001,SH00000002
476,799623146C4A,B177279961915082,S177279961913604,200,10.02,2026-03-06 20:20:23,XSHG,600030,SH00000001,SH00000002
477,799623144EEF,B177279961915315,S177279961913604,100,10.02,2026-03-06 20:20:23,XSHG,600030,SH00000001,SH00000002
478,799623156566,B177279961915113,S177279961913504,100,10.02,2026-03-06 20:20:23,XSHG,600030,SH00000001,SH00000002
479,79962315AE51,B177279961915113,S177279961914473,100,10.02,2026-03-06 20:20:23,XSHG,600030,SH00000001,SH00000002
480,799623150020,B177279961915415,S177279961914473,200,10.02,2026-03-06 20:20:23,XSHG,600030,SH00000001,SH00000002
481,799623152B5B,B177279961917665,S177279961914473,200,10.02,2026-03-06 20:20:23,XSHG,600030,SH00000001,SH00000002
482,799623160EF5,B177279961915715,S177279961914873,200,10.02,2026-03-06 20:20:23,XSHG,600030,SH00000001,SH00000002
483,7996231649DF,B177279961918030,S177279961914873,200,10.02,2026-03-06 20:20:23,XSHG,600030,SH00000001,SH00000002
484,799623168127,B177279961917564,S177279961914873,100,10.02,2026-03-06 20:20:23,XSHG,600030,SH00000001,SH00000002
485,799623167AB1,B177279961917564,S177279961915215,100,10.02,2026-03-06 20:20:23,XSHG,600030,SH00000001,SH00000002
486,799623169D5B,B177279961918662,S177279961915215,200,10.02,2026-03-06 20:20:23,XSHG,600030,SH00000001,SH00000002
487,79962316242E,B177279961918562,S177279961915215,200,10.02,2026-03-06 20:20:23,XSHG,600030,SH00000001,SH00000002
488,799623164367,B177279961918294,S177279961915315,200,10.02,2026-03-06 20:20:23,XSHG,600030,SH00000001,SH00000002
489,7996231743F2,B177279961919328,S177279961915315,200,10.02,2026-03-06 20:20:23,XSHG,600030,SH00000001,SH00000002
490,79962317F345,B177279961918862,S177279961915315,100,10.02,2026-03-06 20:20:23,XSHG,600030,SH00000001,SH00000002
491,7996231711C9,B177279961918862,S177279961915415,100,10.02,2026-03-06 20:20:23,XSHG,600030,SH00000001,SH00000002
492,799623176A0E,B177279961919229,S177279961915415,200,10.02,2026-03-06 20:20:23,XSHG,600030,SH00000001,SH00000002
493,799623177CA7,B177279961918962,S177279961915415,200,10.02,2026-03-06 20:20:23,XSHG,600030,SH00000001,SH00000002
494,79962317C11D,B177279961918762,S177279961917867,200,10.02,2026-03-06 20:20:23,XSHG,600030,SH00000001,SH00000002
495,799623182F5F,B177279961919528,S177279961917867,200,10.02,2026-03-06 20:20:23,XSHG,600030,SH00000001,SH00000002
496,799623188E2E,B177279961920466,S177279961917867,100,10.02,2026-03-06 20:20:23,XSHG,600030,SH00000001,SH00000002
497,79962318424E,B177279961920466,S177279961917971,100,10.02,2026-03-06 20:20:23,XSHG,600030,SH00000001,SH00000002
498,79962318C0CF,B177279961920166,S177279961917809,100,10.02,2026-03-06 20:20:23,XSHG,600030,SH00000001,SH00000002
499,799623182B5A,B177279961920565,S177279961917809,200,10.02,2026-03-06 20:20:23,XSHG,600030,SH00000001,SH00000002
500,79962319F1B1,B177279961920366,S177279961917809,200,10.02,2026-03-06 20:20:23,XSHG,600030,SH00000001,SH00000002
501,7996231966E1,B177279961920266,S177279961915715,100,10.02,2026-03-06 20:20:23,XSHG,600030,SH00000001,SH00000002
502,79962319AA93,B177279961920966,S177279961918511,100,10.02,2026-03-06 20:20:23,XSHG,600030,SH00000001,SH00000002
503,7996231931D8,B177279961920966,S177279961918411,100,10.02,2026-03-06 20:20:23,XSHG,600030,SH00000001,SH00000002
504,79962319A32B,B177279961920866,S177279961919428,100,10.02,2026-03-06 20:20:23,XSHG,600030,SH00000001,SH00000002
505,799623190DCA,B177279961920866,S177279961918762,100,10.02,2026-03-06 20:20:23,XSHG,600030,SH00000001,SH00000002
506,799623190134,B177279961921266,S177279961919528,100,10.02,2026-03-06 20:20:23,XSHG,600030,SH00000001,SH00000002
507,79962319DC8D,B177279961921709,S177279961920565,200,10.02,2026-03-06 20:20:23,XSHG,600030,SH00000001,SH00000002
508,79962320E6B1,B177279961921410,S177279961920565,100,10.02,2026-03-06 20:20:23,XSHG,600030,SH00000001,SH00000002
509,79962320D040,B177279961921410,S177279961920366,100,10.02,2026-03-06 20:20:23,XSHG,600030,SH00000001,SH00000002
510,799623201208,B177279961921808,S177279961920565,200,10.02,2026-03-06 20:20:23,XSHG,600030,SH00000001,SH00000002
511,799623206667,B177279961922223,S177279961920366,200,10.02,2026-03-06 20:20:23,XSHG,600030,SH00000001,SH00000002
512,799623205AA4,B177279961922286,S177279961920366,200,10.02,2026-03-06 20:20:23,XSHG,600030,SH00000001,SH00000002
513,7996232062C1,B177279961922501,S177279961920866,100,10.02,2026-03-06 20:20:23,XSHG,600030,SH00000001,SH00000002
514,79962320BDE0,B177279961922501,S177279961920766,100,10.02,2026-03-06 20:20:23,XSHG,600030,SH00000001,SH00000002
515,79962321A6B1,B177279961922601,S177279961921166,200,10.02,2026-03-06 20:20:23,XSHG,600030,SH00000001,SH00000002
516,799623216015,B177279961923478,S177279961921166,200,10.02,2026-03-06 20:20:23,XSHG,600030,SH00000001,SH00000002
517,799623211A7B,B177279961924178,S177279961921166,100,10.02,2026-03-06 20:20:23,XSHG,600030,SH00000001,SH00000002
518,799623230FD9,B177279961924279,S177279961921266,100,10.02,2026-03-06 20:20:23,XSHG,600030,SH00000001,SH00000002
519,79962323C433,B177279961924279,S177279961921489,100,10.02,2026-03-06 20:20:23,XSHG,600030,SH00000001,SH00000002
520,7996232302D1,B177279961924479,S177279961921489,200,10.02,2026-03-06 20:20:23,XSHG,600030,SH00000001,SH00000002
521,79962323806B,B177279961925274,S177279961921489,200,10.02,2026-03-06 20:20:23,XSHG,600030,SH00000001,SH00000002
522,7996232326D4,B177279961925474,S177279961922123,200,10.02,2026-03-06 20:20:23,XSHG,600030,SH00000001,SH00000002
523,799623242F09,B177279961925970,S177279961922123,200,10.02,2026-03-06 20:20:23,XSHG,600030,SH00000001,SH00000002
524,79962324F57A,B177279961925374,S177279961922123,100,10.02,2026-03-06 20:20:23,XSHG,600030,SH00000001,SH00000002
525,799623249C9D,B177279961925174,S177279961922900,200,10.02,2026-03-06 20:20:23,XSHG,600030,SH00000001,SH00000002
526,79962324A629,B177279961925770,S177279961922900,100,10.02,2026-03-06 20:20:23,XSHG,600030,SH00000001,SH00000002
527,799623246963,B177279961925870,S177279961922900,200,10.02,2026-03-06 20:20:23,XSHG,600030,SH00000001,SH00000002
528,79962325B069,B177279961926671,S177279961923579,100,10.02,2026-03-06 20:20:23,XSHG,600030,SH00000001,SH00000002
529,79962325ACAD,B177279961926671,S177279961923679,100,10.02,2026-03-06 20:20:23,XSHG,600030,SH00000001,SH00000002
530,79962325AAA1,B177279961926471,S177279961923679,100,10.02,2026-03-06 20:20:23,XSHG,600030,SH00000001,SH00000002
531,79962326A2B5,B177279961926370,S177279961923679,200,10.02,2026-03-06 20:20:23,XSHG,600030,SH00000001,SH00000002
532,79962326D07B,B177279961926970,S177279961923879,200,10.02,2026-03-06 20:20:23,XSHG,600030,SH00000001,SH00000002
533,79962326A5F3,B177279961926771,S177279961923679,100,10.02,2026-03-06 20:20:23,XSHG,600030,SH00000001,SH00000002
534,79962326D216,B177279961926771,S177279961923979,100,10.02,2026-03-06 20:20:23,XSHG,600030,SH00000001,SH00000002
535,799623266305,B177279961927430,S177279961923879,200,10.02,2026-03-06 20:20:23,XSHG,600030,SH00000001,SH00000002
536,7996232606D4,B177279961927530,S177279961923879,100,10.02,2026-03-06 20:20:23,XSHG,600030,SH00000001,SH00000002
537,799623267E71,B177279961927530,S177279961925174,100,10.02,2026-03-06 20:20:23,XSHG,600030,SH00000001,SH00000002
538,799623274BEB,B177279961927730,S177279961925174,100,10.02,2026-03-06 20:20:23,XSHG,600030,SH00000001,SH00000002
539,79962327A817,B177279961928030,S177279961925174,200,10.02,2026-03-06 20:20:23,XSHG,600030,SH00000001,SH00000002
540,79962327E463,B177279961928284,S177279961925174,100,10.02,2026-03-06 20:20:23,XSHG,600030,SH00000001,SH00000002
541,799623274644,B177279961928284,S177279961925770,100,10.02,2026-03-06 20:20:23,XSHG,600030,SH00000001,SH00000002
542,79962327E956,B177279961927930,S177279961925770,200,10.02,2026-03-06 20:20:23,XSHG,600030,SH00000001,SH00000002
543,79962327FF82,B177279961928484,S177279961925770,200,10.02,2026-03-06 20:20:23,XSHG,600030,SH00000001,SH00000002
544,79962328A790,B177279961929541,S177279961926070,100,10.02,2026-03-06 20:20:23,XSHG,600030,SH00000001,SH00000002
545,799623286531,B177279961929789,S177279961926070,200,10.02,2026-03-06 20:20:23,XSHG,600030,SH00000001,SH00000002
546,79962328E6D7,B177279961929889,S177279961926070,200,10.02,2026-03-06 20:20:23,XSHG,600030,SH00000001,SH00000002
547,79962328DFDA,B177279961930289,S177279961926570,200,10.02,2026-03-06 20:20:23,XSHG,600030,SH00000001,SH00000002
548,799623285F3D,B177279961930189,S177279961926570,100,10.02,2026-03-06 20:20:23,XSHG,600030,SH00000001,SH00000002
549,799623286D81,B177279961930089,S177279961926570,100,10.02,2026-03-06 20:20:23,XSHG,600030,SH00000001,SH00000002
550,799623296BAF,B177279961930389,S177279961926570,100,10.02,2026-03-06 20:20:23,XSHG,600030,SH00000001,SH00000002
551,79962329DE33,B177279961930389,S177279961927332,100,10.02,2026-03-06 20:20:23,XSHG,600030,SH00000001,SH00000002
552,799623291C95,B177279961930789,S177279961927332,200,10.02,2026-03-06 20:20:23,XSHG,600030,SH00000001,SH00000002
553,79962329F3A5,B177279961930889,S177279961927332,200,10.02,2026-03-06 20:20:23,XSHG,600030,SH00000001,SH00000002
554,7996232991C2,B177279961931189,S177279961927930,200,10.02,2026-03-06 20:20:23,XSHG,600030,SH00000001,SH00000002
555,799623307873,B177279961931289,S177279961927930,200,10.02,2026-03-06 20:20:23,XSHG,600030,SH00000001,SH00000002
556,7996233005F8,B177279961931490,S177279961927930,100,10.02,2026-03-06 20:20:23,XSHG,600030,SH00000001,SH00000002
557,79962330444D,B177279961931490,S177279961928484,100,10.02,2026-03-06 20:20:23,XSHG,600030,SH00000001,SH00000002
558,799623309824,B177279961931590,S177279961929789,100,10.02,2026-03-06 20:20:23,XSHG,600030,SH00000001,SH00000002
559,799623318EE0,B177279961931946,S177279961929789,200,10.02,2026-03-06 20:20:23,XSHG,600030,SH00000001,SH00000002
560,79962331C4FB,B177279961932261,S177279961929789,200,10.02,2026-03-06 20:20:23,XSHG,600030,SH00000001,SH00000002
561,799623315211,B177279961932865,S177279961930189,100,10.02,2026-03-06 20:20:23,XSHG,600030,SH00000001,SH00000002
562,79962332D8FD,B177279961933627,S177279961930089,100,10.02,2026-03-06 20:20:23,XSHG,600030,SH00000001,SH00000002
563,799623322D3A,B177279961933426,S177279961930089,100,10.02,2026-03-06 20:20:23,XSHG,600030,SH00000001,SH00000002
564,79962333515C,B177279961934127,S177279961930589,100,10.02,2026-03-06 20:20:23,XSHG,600030,SH00000001,SH00000002
565,79962333EC7E,B177279961934127,S177279961931089,100,10.02,2026-03-06 20:20:23,XSHG,600030,SH00000001,SH00000002
566,799623331AE8,B177279961933926,S177279961931089,200,10.02,2026-03-06 20:20:23,XSHG,600030,SH00000001,SH00000002
567,79962333C557,B177279961934527,S177279961931089,100,10.02,2026-03-06 20:20:23,XSHG,600030,SH00000001,SH00000002
568,7996233355EB,B177279961934427,S177279961931590,100,10.02,2026-03-06 20:20:23,XSHG,600030,SH00000001,SH00000002
569,799623332E84,B177279961934327,S177279961931590,100,10.02,2026-03-06 20:20:23,XSHG,600030,SH00000001,SH00000002
570,79962333F610,B177279961934941,S177279961931590,100,10.02,2026-03-06 20:20:23,XSHG,600030,SH00000001,SH00000002
571,79962334697A,B177279961934826,S177279961931590,100,10.02,2026-03-06 20:20:23,XSHG,600030,SH00000001,SH00000002
572,79962334CD2F,B177279961935345,S177279961931590,100,10.02,2026-03-06 20:20:23,XSHG,600030,SH00000001,SH00000002
573,79962334B587,B177279961935445,S177279961931389,100,10.02,2026-03-06 20:20:23,XSHG,600030,SH00000001,SH00000002
574,79962334BC4E,B177279961935797,S177279961931389,100,10.02,2026-03-06 20:20:23,XSHG,600030,SH00000001,SH00000002
575,79962334F88B,B177279961936170,S177279961931389,100,10.02,2026-03-06 20:20:23,XSHG,600030,SH00000001,SH00000002
576,79962334384B,B177279961936247,S177279961931389,200,10.02,2026-03-06 20:20:23,XSHG,600030,SH00000001,SH00000002
577,79962334CE37,B177279961936552,S177279961932161,100,10.02,2026-03-06 20:20:23,XSHG,600030,SH00000001,SH00000002
578,799623341978,B177279961936552,S177279961932361,100,10.02,2026-03-06 20:20:23,XSHG,600030,SH00000001,SH00000002
579,799623344456,B177279961936453,S177279961932686,100,10.02,2026-03-06 20:20:23,XSHG,600030,SH00000001,SH00000002
580,799623349791,B177279961936852,S177279961932751,200,10.02,2026-03-06 20:20:23,XSHG,600030,SH00000001,SH00000002
581,799623343DD5,B177279961936752,S177279961932751,100,10.02,2026-03-06 20:20:23,XSHG,600030,SH00000001,SH00000002
582,799623344A8B,B177279961937153,S177279961932751,100,10.02,2026-03-06 20:20:23,XSHG,600030,SH00000001,SH00000002
583,799623345A19,B177279961937204,S177279961932751,100,10.02,2026-03-06 20:20:23,XSHG,600030,SH00000001,SH00000002
584,799623347343,B177279961937204,S177279961933017,100,10.02,2026-03-06 20:20:23,XSHG,600030,SH00000001,SH00000002
585,799623349889,B177279961937405,S177279961933326,100,10.02,2026-03-06 20:20:23,XSHG,600030,SH00000001,SH00000002
586,79962334BF16,B177279961937606,S177279961933926,100,10.02,2026-03-06 20:20:23,XSHG,600030,SH00000001,SH00000002
587,799623347497,B177279961937706,S177279961933926,200,10.02,2026-03-06 20:20:23,XSHG,600030,SH00000001,SH00000002
588,79962335BAC5,B177279961937865,S177279961933926,200,10.02,2026-03-06 20:20:23,XSHG,600030,SH00000001,SH00000002
589,79962335AEF3,B177279961938191,S177279961933727,200,10.02,2026-03-06 20:20:23,XSHG,600030,SH00000001,SH00000002
590,799623359089,B177279961937806,S177279961933226,100,10.02,2026-03-06 20:20:23,XSHG,600030,SH00000001,SH00000002
591,79962335F27C,B177279961937806,S177279961933727,100,10.02,2026-03-06 20:20:23,XSHG,600030,SH00000001,SH00000002
592,799623366218,B177279961938642,S177279961933727,200,10.02,2026-03-06 20:20:23,XSHG,600030,SH00000001,SH00000002
593,799623368768,B177279961938324,S177279961933526,100,10.02,2026-03-06 20:20:23,XSHG,600030,SH00000001,SH00000002
594,7996233610BF,B177279961938741,S177279961933526,200,10.02,2026-03-06 20:20:23,XSHG,600030,SH00000001,SH00000002
595,7996233608E7,B177279961938542,S177279961933526,200,10.02,2026-03-06 20:20:23,XSHG,600030,SH00000001,SH00000002
596,799623378496,B177279961938973,S177279961935031,100,10.02,2026-03-06 20:20:23,XSHG,600030,SH00000001,SH00000002
597,7996233718CE,B177279961938973,S177279961935696,100,10.02,2026-03-06 20:20:23,XSHG,600030,SH00000001,SH00000002
598,799623371518,B177279961939073,S177279961935696,200,10.02,2026-03-06 20:20:23,XSHG,600030,SH00000001,SH00000002
599,799623375BB0,B177279961939984,S177279961935696,200,10.02,2026-03-06 20:20:23,XSHG,600030,SH00000001,SH00000002
600,7996233750E1,B177279961939782,S177279961935245,200,10.02,2026-03-06 20:20:23,XSHG,600030,SH00000001,SH00000002
601,79962337B730,B177279961940083,S177279961935245,200,10.02,2026-03-06 20:20:23,XSHG,600030,SH00000001,SH00000002
602,79962337E297,B177279961939682,S177279961935245,100,10.02,2026-03-06 20:20:23,XSHG,600030,SH00000001,SH00000002
603,79962337AF7F,B177279961939682,S177279961935893,100,10.02,2026-03-06 20:20:23,XSHG,600030,SH00000001,SH00000002
604,79962337D629,B177279961940580,S177279961935893,100,10.02,2026-03-06 20:20:23,XSHG,600030,SH00000001,SH00000002
605,79962338E9D5,B177279961941199,S177279961935893,100,10.02,2026-03-06 20:20:23,XSHG,600030,SH00000001,SH00000002
606,799623381A4F,B177279961941290,S177279961935893,200,10.02,2026-03-06 20:20:23,XSHG,600030,SH00000001,SH00000002
607,7996233898F0,B177279961941438,S177279961936247,100,10.02,2026-03-06 20:20:23,XSHG,600030,SH00000001,SH00000002
608,799623388FB0,B177279961941438,S177279961937306,100,10.02,2026-03-06 20:20:23,XSHG,600030,SH00000001,SH00000002
609,799623386E9D,B177279961941657,S177279961937965,200,10.02,2026-03-06 20:20:23,XSHG,600030,SH00000001,SH00000002
610,799623383E4D,B177279961941365,S177279961937965,200,10.02,2026-03-06 20:20:23,XSHG,600030,SH00000001,SH00000002
611,7996233812D2,B177279961942259,S177279961937965,100,10.02,2026-03-06 20:20:23,XSHG,600030,SH00000001,SH00000002
612,79962338E2B5,B177279961942259,S177279961938443,100,10.02,2026-03-06 20:20:23,XSHG,600030,SH00000001,SH00000002
613,79962338C7B3,B177279961942178,S177279961938443,100,10.02,2026-03-06 20:20:23,XSHG,600030,SH00000001,SH00000002
614,79962339A19F,B177279961942473,S177279961938443,100,10.02,2026-03-06 20:20:23,XSHG,600030,SH00000001,SH00000002
615,79962339B1E3,B177279961942533,S177279961938443,100,10.02,2026-03-06 20:20:23,XSHG,600030,SH00000001,SH00000002
616,799623390A12,B177279961942644,S177279961938443,100,10.02,2026-03-06 20:20:23,XSHG,600030,SH00000001,SH00000002
617,79962339C0BD,B177279961942644,S177279961938324,100,10.02,2026-03-06 20:20:23,XSHG,600030,SH00000001,SH00000002
618,7996233911B6,B177279961943203,S177279961938324,100,10.02,2026-03-06 20:20:23,XSHG,600030,SH00000001,SH00000002
619,79962340B139,B177279961942842,S177279961938324,100,10.02,2026-03-06 20:20:23,XSHG,600030,SH00000001,SH00000002
620,79962340B911,B177279961943528,S177279961938324,200,10.02,2026-03-06 20:20:23,XSHG,600030,SH00000001,SH00000002
621,79962340D3D8,B177279961943829,S177279961938642,100,10.02,2026-03-06 20:20:23,XSHG,600030,SH00000001,SH00000002
622,79962340BB9A,B177279961944105,S177279961938642,200,10.02,2026-03-06 20:20:23,XSHG,600030,SH00000001,SH00000002
623,79962341B621,B177279961944605,S177279961938642,200,10.02,2026-03-06 20:20:23,XSHG,600030,SH00000001,SH00000002
624,7996234149BA,B177279961944916,S177279961939116,100,10.02,2026-03-06 20:20:23,XSHG,600030,SH00000001,SH00000002
625,7996234114B0,B177279961945116,S177279961939883,200,10.02,2026-03-06 20:20:23,XSHG,600030,SH00000001,SH00000002
626,799623416ABF,B177279961945015,S177279961939883,200,10.02,2026-03-06 20:20:23,XSHG,600030,SH00000001,SH00000002
627,79962342307F,B177279961945562,S177279961939883,100,10.02,2026-03-06 20:20:23,XSHG,600030,SH00000001,SH00000002
628,799623423F64,B177279961945562,S177279961940083,100,10.02,2026-03-06 20:20:23,XSHG,600030,SH00000001,SH00000002
629,799623424043,B177279961945674,S177279961940083,100,10.02,2026-03-06 20:20:23,XSHG,600030,SH00000001,SH00000002
630,799623420C7E,B177279961945774,S177279961940083,100,10.02,2026-03-06 20:20:23,XSHG,600030,SH00000001,SH00000002
631,79962342695C,B177279961945874,S177279961940083,100,10.02,2026-03-06 20:20:23,XSHG,600030,SH00000001,SH00000002
632,799623423DEF,B177279961945974,S177279961940083,100,10.02,2026-03-06 20:20:23,XSHG,600030,SH00000001,SH00000002
633,799623429208,B177279961945974,S177279961940680,100,10.02,2026-03-06 20:20:23,XSHG,600030,SH00000001,SH00000002
634,79962343EDE7,B177279961946655,S177279961940680,100,10.02,2026-03-06 20:20:23,XSHG,600030,SH00000001,SH00000002
635,799623438912,B177279961946354,S177279961940680,200,10.02,2026-03-06 20:20:23,XSHG,600030,SH00000001,SH00000002
636,79962343FB6F,B177279961946454,S177279961940680,100,10.02,2026-03-06 20:20:23,XSHG,600030,SH00000001,SH00000002
637,799623438485,B177279961946454,S177279961940283,100,10.02,2026-03-06 20:20:23,XSHG,600030,SH00000001,SH00000002
638,79962343D847,B177279961946755,S177279961940283,200,10.02,2026-03-06 20:20:23,XSHG,600030,SH00000001,SH00000002
639,79962343A9BB,B177279961947055,S177279961940283,200,10.02,2026-03-06 20:20:23,XSHG,600030,SH00000001,SH00000002
640,79962343F477,B177279961947254,S177279961941758,100,10.02,2026-03-06 20:20:23,XSHG,600030,SH00000001,SH00000002
641,79962343F3A0,B177279961947254,S177279961943021,100,10.02,2026-03-06 20:20:23,XSHG,600030,SH00000001,SH00000002
642,79962343B3C4,B177279961947355,S177279961943306,200,10.02,2026-03-06 20:20:23,XSHG,600030,SH00000001,SH00000002
643,79962344936B,B177279961947455,S177279961943306,100,10.02,2026-03-06 20:20:23,XSHG,600030,SH00000001,SH00000002
644,799623449CCF,B177279961947954,S177279961943306,100,10.02,2026-03-06 20:20:23,XSHG,600030,SH00000001,SH00000002
645,79962344C174,B177279961947655,S177279961943306,100,10.02,2026-03-06 20:20:23,XSHG,600030,SH00000001,SH00000002
646,7996234469CC,B177279961947655,S177279961943528,100,10.02,2026-03-06 20:20:23,XSHG,600030,SH00000001,SH00000002
647,7996234478FA,B177279961948054,S177279961943528,200,10.02,2026-03-06 20:20:23,XSHG,600030,SH00000001,SH00000002
648,79962344E9CD,B177279961948254,S177279961943528,100,10.02,2026-03-06 20:20:23,XSHG,600030,SH00000001,SH00000002
649,799623456033,B177279961948154,S177279961943528,100,10.02,2026-03-06 20:20:23,XSHG,600030,SH00000001,SH00000002
650,79962345D13A,B177279961948154,S177279961943929,100,10.02,2026-03-06 20:20:23,XSHG,600030,SH00000001,SH00000002
651,7996234509A5,B177279961949006,S177279961943728,100,10.02,2026-03-06 20:20:23,XSHG,600030,SH00000001,SH00000002
652,799623459834,B177279961949006,S177279961943629,100,10.02,2026-03-06 20:20:23,XSHG,600030,SH00000001,SH00000002
653,799623451B28,B177279961949406,S177279961943629,200,10.02,2026-03-06 20:20:23,XSHG,600030,SH00000001,SH00000002
654,79962345F0B5,B177279961949660,S177279961943629,200,10.02,2026-03-06 20:20:23,XSHG,600030,SH00000001,SH00000002
655,79962346F2D9,B177279961950161,S177279961944305,100,10.02,2026-03-06 20:20:23,XSHG,600030,SH00000001,SH00000002
656,79962346BFFF,B177279961950161,S177279961944405,100,10.02,2026-03-06 20:20:23,XSHG,600030,SH00000001,SH00000002
657,799623460E80,B177279961950791,S177279961944505,100,10.02,2026-03-06 20:20:23,XSHG,600030,SH00000001,SH00000002
658,79962346E70A,B177279961950692,S177279961944505,200,10.02,2026-03-06 20:20:23,XSHG,600030,SH00000001,SH00000002
659,79962346DB37,B177279961951191,S177279961944505,200,10.02,2026-03-06 20:20:23,XSHG,600030,SH00000001,SH00000002
660,799623465823,B177279961951491,S177279961945015,100,10.02,2026-03-06 20:20:23,XSHG,600030,SH00000001,SH00000002
661,79962346B42B,B177279961951491,S177279961945315,100,10.02,2026-03-06 20:20:23,XSHG,600030,SH00000001,SH00000002
662,79962346918F,B177279961951691,S177279961945315,200,10.02,2026-03-06 20:20:23,XSHG,600030,SH00000001,SH00000002
663,799623463A13,B177279961951791,S177279961945315,200,10.02,2026-03-06 20:20:23,XSHG,600030,SH00000001,SH00000002
664,79962346F3FA,B177279961952369,S177279961945674,100,10.02,2026-03-06 20:20:23,XSHG,600030,SH00000001,SH00000002
665,799623464D68,B177279961952470,S177279961945674,100,10.02,2026-03-06 20:20:23,XSHG,600030,SH00000001,SH00000002
666,7996234780DA,B177279961952912,S177279961945674,100,10.02,2026-03-06 20:20:23,XSHG,600030,SH00000001,SH00000002
667,7996234737C2,B177279961952820,S177279961945674,200,10.02,2026-03-06 20:20:23,XSHG,600030,SH00000001,SH00000002
668,799623477B5B,B177279961953020,S177279961945415,100,10.02,2026-03-06 20:20:23,XSHG,600030,SH00000001,SH00000002
669,79962347E305,B177279961953020,S177279961945562,100,10.02,2026-03-06 20:20:23,XSHG,600030,SH00000001,SH00000002
670,7996234816FE,B177279961953320,S177279961945562,200,10.02,2026-03-06 20:20:23,XSHG,600030,SH00000001,SH00000002
671,79962348E831,B177279961953920,S177279961945562,100,10.02,2026-03-06 20:20:23,XSHG,600030,SH00000001,SH00000002
672,79962348CAFD,B177279961953621,S177279961945562,100,10.02,2026-03-06 20:20:23,XSHG,600030,SH00000001,SH00000002
673,799623489B50,B177279961953621,S177279961945515,100,10.02,2026-03-06 20:20:23,XSHG,600030,SH00000001,SH00000002
674,79962348F2C2,B177279961953820,S177279961945974,200,10.02,2026-03-06 20:20:23,XSHG,600030,SH00000001,SH00000002
675,7996234820AC,B177279961954901,S177279961945974,100,10.02,2026-03-06 20:20:23,XSHG,600030,SH00000001,SH00000002
676,799623482750,B177279961954901,S177279961946555,100,10.02,2026-03-06 20:20:23,XSHG,600030,SH00000001,SH00000002
677,79962348260D,B177279961954580,S177279961945974,200,10.02,2026-03-06 20:20:23,XSHG,600030,SH00000001,SH00000002
678,7996234858B6,B177279961955001,S177279961947254,200,10.02,2026-03-06 20:20:23,XSHG,600030,SH00000001,SH00000002
679,799623498D47,B177279961954801,S177279961947254,200,10.02,2026-03-06 20:20:23,XSHG,600030,SH00000001,SH00000002
680,79962350DFBE,B177279961955194,S177279961947254,100,10.02,2026-03-06 20:20:24,XSHG,600030,SH00000001,SH00000002
681,799623507B0D,B177279961955194,S177279961947155,100,10.02,2026-03-06 20:20:24,XSHG,600030,SH00000001,SH00000002
682,799623505D0D,B177279961955293,S177279961947754,200,10.02,2026-03-06 20:20:24,XSHG,600030,SH00000001,SH00000002
683,799623509BFB,B177279961955493,S177279961947754,200,10.02,2026-03-06 20:20:24,XSHG,600030,SH00000001,SH00000002
684,7996235028CE,B177279961955943,S177279961947754,100,10.02,2026-03-06 20:20:24,XSHG,600030,SH00000001,SH00000002
685,79962350C86B,B177279961956164,S177279961947355,200,10.02,2026-03-06 20:20:24,XSHG,600030,SH00000001,SH00000002
686,799623506535,B177279961955793,S177279961947355,200,10.02,2026-03-06 20:20:24,XSHG,600030,SH00000001,SH00000002
687,79962351D639,B177279961956550,S177279961947355,100,10.02,2026-03-06 20:20:24,XSHG,600030,SH00000001,SH00000002
688,799623511864,B177279961956550,S177279961948254,100,10.02,2026-03-06 20:20:24,XSHG,600030,SH00000001,SH00000002
689,79962351FE03,B177279961956775,S177279961949406,100,10.02,2026-03-06 20:20:24,XSHG,600030,SH00000001,SH00000002
690,799623517C2A,B177279961956775,S177279961949547,100,10.02,2026-03-06 20:20:24,XSHG,600030,SH00000001,SH00000002
691,79962351ADC6,B177279961957176,S177279961949547,100,10.02,2026-03-06 20:20:24,XSHG,600030,SH00000001,SH00000002
692,79962351A185,B177279961956064,S177279961949547,100,10.02,2026-03-06 20:20:24,XSHG,600030,SH00000001,SH00000002
693,799623528A11,B177279961957375,S177279961949547,200,10.02,2026-03-06 20:20:24,XSHG,600030,SH00000001,SH00000002
694,799623520BD4,B177279961957797,S177279961950591,200,10.02,2026-03-06 20:20:24,XSHG,600030,SH00000001,SH00000002
695,799623529D5B,B177279961957888,S177279961950591,200,10.02,2026-03-06 20:20:24,XSHG,600030,SH00000001,SH00000002
696,79962352D8AD,B177279961958352,S177279961950591,100,10.02,2026-03-06 20:20:24,XSHG,600030,SH00000001,SH00000002
697,79962352EE12,B177279961958352,S177279961954020,100,10.02,2026-03-06 20:20:24,XSHG,600030,SH00000001,SH00000002
698,79962352C40A,B177279961958672,S177279961953621,200,10.02,2026-03-06 20:20:24,XSHG,600030,SH00000001,SH00000002
699,799623523CFE,B177279961958151,S177279961953621,200,10.02,2026-03-06 20:20:24,XSHG,600030,SH00000001,SH00000002
700,799623528908,B177279961958572,S177279961953621,100,10.02,2026-03-06 20:20:24,XSHG,600030,SH00000001,SH00000002
701,79962352CC08,B177279961958572,S177279961954801,100,10.02,2026-03-06 20:20:24,XSHG,600030,SH00000001,SH00000002
702,79962352167C,B177279961958771,S177279961954801,100,10.02,2026-03-06 20:20:24,XSHG,600030,SH00000001,SH00000002
703,799623525605,B177279961958252,S177279961954801,100,10.02,2026-03-06 20:20:24,XSHG,600030,SH00000001,SH00000002
704,79962352E2D0,B177279961959363,S177279961954801,100,10.02,2026-03-06 20:20:24,XSHG,600030,SH00000001,SH00000002
705,7996235335A4,B177279961960164,S177279961954801,100,10.02,2026-03-06 20:20:24,XSHG,600030,SH00000001,SH00000002
706,799623533ED4,B177279961960164,S177279961954901,100,10.02,2026-03-06 20:20:24,XSHG,600030,SH00000001,SH00000002
707,799623547474,B177279961961162,S177279961955293,100,10.02,2026-03-06 20:20:24,XSHG,600030,SH00000001,SH00000002
708,799623548F76,B177279961961162,S177279961955693,100,10.02,2026-03-06 20:20:24,XSHG,600030,SH00000001,SH00000002
709,79962354A985,B177279961960999,S177279961955693,200,10.02,2026-03-06 20:20:24,XSHG,600030,SH00000001,SH00000002
710,799623554B88,B177279961961689,S177279961955693,100,10.02,2026-03-06 20:20:24,XSHG,600030,SH00000001,SH00000002
711,79962355E138,B177279961961689,S177279961956064,100,10.02,2026-03-06 20:20:24,XSHG,600030,SH00000001,SH00000002
712,79962354CAD8,B177279961961262,S177279961955693,100,10.02,2026-03-06 20:20:24,XSHG,600030,SH00000001,SH00000002
713,799623554CAD,B177279961961988,S177279961956064,100,10.02,2026-03-06 20:20:24,XSHG,600030,SH00000001,SH00000002
714,799623551920,B177279961961789,S177279961956064,200,10.02,2026-03-06 20:20:24,XSHG,600030,SH00000001,SH00000002
715,79962355D385,B177279961961889,S177279961956064,100,10.02,2026-03-06 20:20:24,XSHG,600030,SH00000001,SH00000002
716,799623566481,B177279961962188,S177279961956775,100,10.02,2026-03-06 20:20:24,XSHG,600030,SH00000001,SH00000002
717,799623563EE7,B177279961962188,S177279961956550,100,10.02,2026-03-06 20:20:24,XSHG,600030,SH00000001,SH00000002
718,799623569D1E,B177279961962659,S177279961956550,200,10.02,2026-03-06 20:20:24,XSHG,600030,SH00000001,SH00000002
719,7996235651C3,B177279961962559,S177279961956550,200,10.02,2026-03-06 20:20:24,XSHG,600030,SH00000001,SH00000002
720,79962360CDC2,B177279961965983,S177279961957076,200,10.02,2026-03-06 20:20:24,XSHG,600030,SH00000001,SH00000002
721,79962360DF14,B177279961965884,S177279961957076,200,10.02,2026-03-06 20:20:24,XSHG,600030,SH00000001,SH00000002
722,79962361F8B8,B177279961966523,S177279961957076,100,10.02,2026-03-06 20:20:24,XSHG,600030,SH00000001,SH00000002
723,79962361AC60,B177279961966523,S177279961957375,100,10.02,2026-03-06 20:20:24,XSHG,600030,SH00000001,SH00000002
724,799623618152,B177279961966824,S177279961957375,200,10.02,2026-03-06 20:20:24,XSHG,600030,SH00000001,SH00000002
725,79962361505B,B177279961967023,S177279961958872,100,10.02,2026-03-06 20:20:24,XSHG,600030,SH00000001,SH00000002
726,79962361F460,B177279961966624,S177279961957375,200,10.02,2026-03-06 20:20:24,XSHG,600030,SH00000001,SH00000002
727,79962361BBEE,B177279961966924,S177279961958872,100,10.02,2026-03-06 20:20:24,XSHG,600030,SH00000001,SH00000002
728,79962362E636,B177279961967474,S177279961958872,200,10.02,2026-03-06 20:20:24,XSHG,600030,SH00000001,SH00000002
729,799623633A0A,B177279961968939,S177279961959363,200,10.02,2026-03-06 20:20:24,XSHG,600030,SH00000001,SH00000002
730,799623621434,B177279961968738,S177279961958872,100,10.02,2026-03-06 20:20:24,XSHG,600030,SH00000001,SH00000002
731,79962362236E,B177279961968738,S177279961959363,100,10.02,2026-03-06 20:20:24,XSHG,600030,SH00000001,SH00000002
732,79962363B087,B177279961969239,S177279961959363,200,10.02,2026-03-06 20:20:24,XSHG,600030,SH00000001,SH00000002
733,7996236383C5,B177279961969039,S177279961959964,200,10.02,2026-03-06 20:20:24,XSHG,600030,SH00000001,SH00000002
734,7996236305A4,B177279961969139,S177279961959964,200,10.02,2026-03-06 20:20:24,XSHG,600030,SH00000001,SH00000002
735,799623633119,B177279961970450,S177279961959964,100,10.02,2026-03-06 20:20:24,XSHG,600030,SH00000001,SH00000002
736,7996236332C2,B177279961970450,S177279961961361,100,10.02,2026-03-06 20:20:24,XSHG,600030,SH00000001,SH00000002
737,7996236381FD,B177279961969449,S177279961960898,200,10.02,2026-03-06 20:20:24,XSHG,600030,SH00000001,SH00000002
738,799623645CC3,B177279961963141,S177279961960898,100,10.02,2026-03-06 20:20:24,XSHG,600030,SH00000001,SH00000002
739,7996236449A7,B177279961963235,S177279961960898,100,10.02,2026-03-06 20:20:24,XSHG,600030,SH00000001,SH00000002
740,799623642395,B177279961963564,S177279961960898,100,10.02,2026-03-06 20:20:24,XSHG,600030,SH00000001,SH00000002
741,79962365C217,B177279961970748,S177279961966184,100,10.02,2026-03-06 20:20:24,XSHG,600030,SH00000001,SH00000002
742,799623652AC7,B177279961963665,S177279961966924,100,10.02,2026-03-06 20:20:24,XSHG,600030,SH00000001,SH00000002
743,79962365A0D0,B177279961971452,S177279961966924,200,10.02,2026-03-06 20:20:24,XSHG,600030,SH00000001,SH00000002
744,799623654570,B177279961971238,S177279961966924,200,10.02,2026-03-06 20:20:24,XSHG,600030,SH00000001,SH00000002
745,7996236513C1,B177279961963359,S177279961967023,100,10.02,2026-03-06 20:20:24,XSHG,600030,SH00000001,SH00000002
746,799623654960,B177279961963770,S177279961967023,100,10.02,2026-03-06 20:20:24,XSHG,600030,SH00000001,SH00000002
747,799623653A1C,B177279961971651,S177279961967023,100,10.02,2026-03-06 20:20:24,XSHG,600030,SH00000001,SH00000002
748,799623658705,B177279961963958,S177279961967023,100,10.02,2026-03-06 20:20:24,XSHG,600030,SH00000001,SH00000002
749,799623675951,B177279961972152,S177279961967023,100,10.02,2026-03-06 20:20:24,XSHG,600030,SH00000001,SH00000002
750,799623677BE5,B177279961972252,S177279961966824,200,10.02,2026-03-06 20:20:24,XSHG,600030,SH00000001,SH00000002
751,799623684F41,B177279961972452,S177279961966824,200,10.02,2026-03-06 20:20:24,XSHG,600030,SH00000001,SH00000002
752,7996236807DC,B177279961973152,S177279961966824,100,10.02,2026-03-06 20:20:24,XSHG,600030,SH00000001,SH00000002
753,79962368E39E,B177279961973152,S177279961967474,100,10.02,2026-03-06 20:20:24,XSHG,600030,SH00000001,SH00000002
754,799623688A31,B177279961972852,S177279961967474,100,10.02,2026-03-06 20:20:24,XSHG,600030,SH00000001,SH00000002
755,79962369BFA5,B177279961964259,S177279961967474,100,10.02,2026-03-06 20:20:24,XSHG,600030,SH00000001,SH00000002
756,79962369F39E,B177279961964060,S177279961967474,100,10.02,2026-03-06 20:20:24,XSHG,600030,SH00000001,SH00000002
757,799623695324,B177279961972951,S177279961969239,100,10.02,2026-03-06 20:20:24,XSHG,600030,SH00000001,SH00000002
758,7996236984D5,B177279961972651,S177279961967474,100,10.02,2026-03-06 20:20:24,XSHG,600030,SH00000001,SH00000002
759,7996236949E6,B177279961972651,S177279961969239,100,10.02,2026-03-06 20:20:24,XSHG,600030,SH00000001,SH00000002
760,79962369A706,B177279961964459,S177279961969239,100,10.02,2026-03-06 20:20:24,XSHG,600030,SH00000001,SH00000002
761,799623698424,B177279961964359,S177279961969239,100,10.02,2026-03-06 20:20:24,XSHG,600030,SH00000001,SH00000002
762,79962370E890,B177279961972552,S177279961969338,200,10.02,2026-03-06 20:20:24,XSHG,600030,SH00000001,SH00000002
763,799623695481,B177279961964159,S177279961969239,100,10.02,2026-03-06 20:20:24,XSHG,600030,SH00000001,SH00000002
764,799623699509,B177279961964559,S177279961969338,100,10.02,2026-03-06 20:20:24,XSHG,600030,SH00000001,SH00000002
765,799623705DC8,B177279961973952,S177279961969338,200,10.02,2026-03-06 20:20:24,XSHG,600030,SH00000001,SH00000002
766,799623717A08,B177279961974759,S177279961970550,100,10.02,2026-03-06 20:20:24,XSHG,600030,SH00000001,SH00000002
767,799623716EF9,B177279961973852,S177279961971351,100,10.02,2026-03-06 20:20:24,XSHG,600030,SH00000001,SH00000002
768,79962371DCD0,B177279961965159,S177279961971351,100,10.02,2026-03-06 20:20:24,XSHG,600030,SH00000001,SH00000002
769,799623710C08,B177279961974706,S177279961971351,100,10.02,2026-03-06 20:20:24,XSHG,600030,SH00000001,SH00000002
770,79962371917F,B177279961965059,S177279961971351,100,10.02,2026-03-06 20:20:24,XSHG,600030,SH00000001,SH00000002
771,7996237151EA,B177279961974546,S177279961971351,100,10.02,2026-03-06 20:20:24,XSHG,600030,SH00000001,SH00000002
772,799623715781,B177279961974546,S177279961972651,100,10.02,2026-03-06 20:20:24,XSHG,600030,SH00000001,SH00000002
773,799623716BC1,B177279961975088,S177279961972651,100,10.02,2026-03-06 20:20:24,XSHG,600030,SH00000001,SH00000002
774,79962371F632,B177279961974598,S177279961972651,100,10.02,2026-03-06 20:20:24,XSHG,600030,SH00000001,SH00000002
775,799623715643,B177279961964959,S177279961972651,100,10.02,2026-03-06 20:20:24,XSHG,600030,SH00000001,SH00000002
776,79962371354F,B177279961964760,S177279961972651,100,10.02,2026-03-06 20:20:24,XSHG,600030,SH00000001,SH00000002
777,799623710C23,B177279961964859,S177279961972752,100,10.02,2026-03-06 20:20:24,XSHG,600030,SH00000001,SH00000002
778,79962371AA92,B177279961964659,S177279961973251,100,10.02,2026-03-06 20:20:24,XSHG,600030,SH00000001,SH00000002
779,799623725526,B177279961965259,S177279961973251,100,10.02,2026-03-06 20:20:24,XSHG,600030,SH00000001,SH00000002
780,79962372A581,B177279961965560,S177279961973251,100,10.02,2026-03-06 20:20:24,XSHG,600030,SH00000001,SH00000002
781,7996237225A7,B177279961975191,S177279961973251,200,10.02,2026-03-06 20:20:24,XSHG,600030,SH00000001,SH00000002
782,79962372AD67,B177279961965359,S177279961974496,100,10.02,2026-03-06 20:20:24,XSHG,600030,SH00000001,SH00000002
783,79962372D3E9,B177279961965459,S177279961974496,100,10.02,2026-03-06 20:20:24,XSHG,600030,SH00000001,SH00000002
784,79962372172D,B177279961965783,S177279961974496,100,10.02,2026-03-06 20:20:24,XSHG,600030,SH00000001,SH00000002
785,79962372F8D1,B177279961965659,S177279961974496,100,10.02,2026-03-06 20:20:24,XSHG,600030,SH00000001,SH00000002
786,7996237224A7,B177279961975687,S177279961974496,100,10.02,2026-03-06 20:20:24,XSHG,600030,SH00000001,SH00000002
787,79962372D691,B177279961975687,S177279961974152,100,10.02,2026-03-06 20:20:24,XSHG,600030,SH00000001,SH00000002
788,79962373C8B2,B177279961976160,S177279961974152,200,10.02,2026-03-06 20:20:24,XSHG,600030,SH00000001,SH00000002
789,799623747958,B177279961976444,S177279961974152,100,10.02,2026-03-06 20:20:24,XSHG,600030,SH00000001,SH00000002
790,79962374A833,B177279961976090,S177279961974152,100,10.02,2026-03-06 20:20:24,XSHG,600030,SH00000001,SH00000002
791,79962374A507,B177279961976090,S177279961974052,100,10.02,2026-03-06 20:20:24,XSHG,600030,SH00000001,SH00000002
792,799623742633,B177279961977366,S177279961974052,200,10.02,2026-03-06 20:20:24,XSHG,600030,SH00000001,SH00000002
793,79962374A37F,B177279961977266,S177279961974052,200,10.02,2026-03-06 20:20:24,XSHG,600030,SH00000001,SH00000002
794,79962374EC44,B177279961977665,S177279961974253,100,10.02,2026-03-06 20:20:24,XSHG,600030,SH00000001,SH00000002
795,79962374E399,B177279961977466,S177279961974253,200,10.02,2026-03-06 20:20:24,XSHG,600030,SH00000001,SH00000002
796,799623751D4A,B177279961977766,S177279961974253,200,10.02,2026-03-06 20:20:24,XSHG,600030,SH00000001,SH00000002
797,799623759803,B177279961978153,S177279961974453,200,10.02,2026-03-06 20:20:24,XSHG,600030,SH00000001,SH00000002
798,79962375924B,B177279961980593,S177279961974453,200,10.02,2026-03-06 20:20:24,XSHG,600030,SH00000001,SH00000002
799,79962375517C,B177279961980692,S177279961974453,100,10.02,2026-03-06 20:20:24,XSHG,600030,SH00000001,SH00000002
800,799623758557,B177279961980692,S177279961974980,100,10.02,2026-03-06 20:20:24,XSHG,600030,SH00000001,SH00000002
801,79962375B59D,B177279961980191,S177279961974980,100,10.02,2026-03-06 20:20:24,XSHG,600030,SH00000001,SH00000002
802,7996237693D0,B177279961981284,S177279961974980,100,10.02,2026-03-06 20:20:24,XSHG,600030,SH00000001,SH00000002
803,79962376B465,B177279961980291,S177279961974980,100,10.02,2026-03-06 20:20:24,XSHG,600030,SH00000001,SH00000002
804,79962376A02D,B177279961981384,S177279961974980,100,10.02,2026-03-06 20:20:24,XSHG,600030,SH00000001,SH00000002
805,79962376B682,B177279961981384,S177279961975139,100,10.02,2026-03-06 20:20:24,XSHG,600030,SH00000001,SH00000002
806,79962376334F,B177279961981642,S177279961974353,100,10.02,2026-03-06 20:20:24,XSHG,600030,SH00000001,SH00000002
807,79962377498F,B177279961982185,S177279961974353,200,10.02,2026-03-06 20:20:24,XSHG,600030,SH00000001,SH00000002
808,799623778649,B177279961983314,S177279961974353,200,10.02,2026-03-06 20:20:24,XSHG,600030,SH00000001,SH00000002
809,79962377CB0C,B177279961982999,S177279961975296,100,10.02,2026-03-06 20:20:24,XSHG,600030,SH00000001,SH00000002
810,79962377D908,B177279961983617,S177279961975296,200,10.02,2026-03-06 20:20:24,XSHG,600030,SH00000001,SH00000002
811,799623774B5A,B177279961983417,S177279961975296,100,10.02,2026-03-06 20:20:24,XSHG,600030,SH00000001,SH00000002
812,799623779BCE,B177279961983717,S177279961975296,100,10.02,2026-03-06 20:20:24,XSHG,600030,SH00000001,SH00000002
813,799623774DCF,B177279961984291,S177279961976344,100,10.02,2026-03-06 20:20:24,XSHG,600030,SH00000001,SH00000002
814,799623779EE2,B177279961984291,S177279961976544,100,10.02,2026-03-06 20:20:24,XSHG,600030,SH00000001,SH00000002
815,79962377E078,B177279961983816,S177279961975687,100,10.02,2026-03-06 20:20:24,XSHG,600030,SH00000001,SH00000002
816,79962377D72F,B177279961983816,S177279961976243,100,10.02,2026-03-06 20:20:24,XSHG,600030,SH00000001,SH00000002
817,799623775DF5,B177279961984792,S177279961976160,100,10.02,2026-03-06 20:20:24,XSHG,600030,SH00000001,SH00000002
818,7996237890F2,B177279961985297,S177279961976844,100,10.02,2026-03-06 20:20:24,XSHG,600030,SH00000001,SH00000002
819,7996237819C6,B177279961985602,S177279961976844,200,10.02,2026-03-06 20:20:24,XSHG,600030,SH00000001,SH00000002
820,799623790BD2,B177279961985800,S177279961976844,200,10.02,2026-03-06 20:20:24,XSHG,600030,SH00000001,SH00000002
821,799623796E80,B177279961986264,S177279961976744,100,10.02,2026-03-06 20:20:24,XSHG,600030,SH00000001,SH00000002
822,799623796B3D,B177279961986264,S177279961976644,100,10.02,2026-03-06 20:20:24,XSHG,600030,SH00000001,SH00000002
823,799623812C3E,B177279961988572,S177279961977266,100,10.02,2026-03-06 20:20:24,XSHG,600030,SH00000001,SH00000002
824,79962381213C,B177279961988572,S177279961978153,100,10.02,2026-03-06 20:20:24,XSHG,600030,SH00000001,SH00000002
825,79962382A2B2,B177279961988924,S177279961978153,200,10.02,2026-03-06 20:20:24,XSHG,600030,SH00000001,SH00000002
826,799623825FBD,B177279961989446,S177279961978153,200,10.02,2026-03-06 20:20:24,XSHG,600030,SH00000001,SH00000002
827,7996238377AB,B177279961990175,S177279961977966,200,10.02,2026-03-06 20:20:24,XSHG,600030,SH00000001,SH00000002
828,799623839F11,B177279961990376,S177279961977966,200,10.02,2026-03-06 20:20:24,XSHG,600030,SH00000001,SH00000002
829,799623838ADB,B177279961990777,S177279961977966,100,10.02,2026-03-06 20:20:24,XSHG,600030,SH00000001,SH00000002
830,79962383AAC8,B177279961990777,S177279961977766,100,10.02,2026-03-06 20:20:24,XSHG,600030,SH00000001,SH00000002
831,79962384E6DC,B177279961990576,S177279961979884,100,10.02,2026-03-06 20:20:24,XSHG,600030,SH00000001,SH00000002
832,79962384AD1A,B177279961990576,S177279961979984,100,10.02,2026-03-06 20:20:24,XSHG,600030,SH00000001,SH00000002
833,7996238433E2,B177279961991416,S177279961979984,200,10.02,2026-03-06 20:20:24,XSHG,600030,SH00000001,SH00000002
834,79962384703A,B177279961991276,S177279961979984,200,10.02,2026-03-06 20:20:24,XSHG,600030,SH00000001,SH00000002
835,799623848C11,B177279961991517,S177279961980084,200,10.02,2026-03-06 20:20:24,XSHG,600030,SH00000001,SH00000002
836,79962385F1FD,B177279961991617,S177279961980084,200,10.02,2026-03-06 20:20:24,XSHG,600030,SH00000001,SH00000002
837,79962385B668,B177279961991817,S177279961981642,100,10.02,2026-03-06 20:20:24,XSHG,600030,SH00000001,SH00000002
838,79962385F0B2,B177279961991817,S177279961982185,100,10.02,2026-03-06 20:20:24,XSHG,600030,SH00000001,SH00000002
839,799623857B16,B177279961992117,S177279961982185,200,10.02,2026-03-06 20:20:24,XSHG,600030,SH00000001,SH00000002
840,79962385057B,B177279961991717,S177279961980084,100,10.02,2026-03-06 20:20:24,XSHG,600030,SH00000001,SH00000002
841,79962385C415,B177279961991717,S177279961980191,100,10.02,2026-03-06 20:20:24,XSHG,600030,SH00000001,SH00000002
842,799623853754,B177279961992417,S177279961982185,100,10.02,2026-03-06 20:20:24,XSHG,600030,SH00000001,SH00000002
843,79962386172C,B177279961992217,S177279961982185,100,10.02,2026-03-06 20:20:24,XSHG,600030,SH00000001,SH00000002
844,799623864B51,B177279961992217,S177279961983816,100,10.02,2026-03-06 20:20:24,XSHG,600030,SH00000001,SH00000002
845,79962386CB05,B177279961993017,S177279961986264,100,10.02,2026-03-06 20:20:24,XSHG,600030,SH00000001,SH00000002
846,799623864054,B177279961993017,S177279961988363,100,10.02,2026-03-06 20:20:24,XSHG,600030,SH00000001,SH00000002
847,79962386442A,B177279961993088,S177279961985700,100,10.02,2026-03-06 20:20:24,XSHG,600030,SH00000001,SH00000002
848,79962386B23A,B177279961992517,S177279961984401,100,10.02,2026-03-06 20:20:24,XSHG,600030,SH00000001,SH00000002
849,799623867FAB,B177279961992517,S177279961984501,100,10.02,2026-03-06 20:20:24,XSHG,600030,SH00000001,SH00000002
850,799623880F5E,B177279961994668,S177279961988472,100,10.02,2026-03-06 20:20:24,XSHG,600030,SH00000001,SH00000002
851,799623884C9F,B177279961994668,S177279961989245,100,10.02,2026-03-06 20:20:24,XSHG,600030,SH00000001,SH00000002
852,799623885819,B177279961995271,S177279961989245,200,10.02,2026-03-06 20:20:24,XSHG,600030,SH00000001,SH00000002
853,7996238805FF,B177279961995472,S177279961989245,200,10.02,2026-03-06 20:20:24,XSHG,600030,SH00000001,SH00000002
854,79962389D5CF,B177279961995622,S177279961990175,100,10.02,2026-03-06 20:20:24,XSHG,600030,SH00000001,SH00000002
855,79962389BA9A,B177279961995622,S177279961990576,100,10.02,2026-03-06 20:20:24,XSHG,600030,SH00000001,SH00000002
856,79962389AEDC,B177279961996320,S177279961990576,200,10.02,2026-03-06 20:20:24,XSHG,600030,SH00000001,SH00000002
857,79962391A5A2,B177279961997904,S177279961990576,100,10.02,2026-03-06 20:20:24,XSHG,600030,SH00000001,SH00000002
858,799623911789,B177279961998334,S177279961990576,100,10.02,2026-03-06 20:20:24,XSHG,600030,SH00000001,SH00000002
859,79962391E58A,B177279961998334,S177279961990376,100,10.02,2026-03-06 20:20:24,XSHG,600030,SH00000001,SH00000002
860,7996239233E3,B177279961998723,S177279961990376,200,10.02,2026-03-06 20:20:24,XSHG,600030,SH00000001,SH00000002
861,799623915B89,B177279961998241,S177279961990376,200,10.02,2026-03-06 20:20:24,XSHG,600030,SH00000001,SH00000002
862,79962392DAD7,B177279961999077,S177279961990978,100,10.02,2026-03-06 20:20:24,XSHG,600030,SH00000001,SH00000002
863,79962392388F,B177279961998832,S177279961990978,100,10.02,2026-03-06 20:20:24,XSHG,600030,SH00000001,SH00000002
864,79962392474F,B177279961999678,S177279961990978,200,10.02,2026-03-06 20:20:24,XSHG,600030,SH00000001,SH00000002
865,7996239338FA,B177279962000492,S177279961990978,100,10.02,2026-03-06 20:20:24,XSHG,600030,SH00000001,SH00000002
866,799623931DF1,B177279962000492,S177279961991617,100,10.02,2026-03-06 20:20:24,XSHG,600030,SH00000001,SH00000002
867,799623931D56,B177279962000693,S177279961991717,100,10.02,2026-03-06 20:20:24,XSHG,600030,SH00000001,SH00000002
868,7996239496A8,B177279962001356,S177279961991717,100,10.02,2026-03-06 20:20:24,XSHG,600030,SH00000001,SH00000002
869,79962394B530,B177279962001151,S177279961991717,200,10.02,2026-03-06 20:20:24,XSHG,600030,SH00000001,SH00000002
